1909 3279
376 214 422 246 18

394 585 471 622 475

393 897 472 941 480

392 1219 468 1264 485

391 1548 469 1584 490

390 1870 466 1907 495

391 2190 468 2227 5oo

390 2512 464 2549 505

749 207 861 240 WAL
876 207 1029 240 THER
1058 207 1131 241 OF
1150 206 1496 247 AQUITAJNE.

532 315 686 354 Gazam
710 328 834 365 quam
857 314 1035 354 Gibicho
1056 314 1144 365 regi
1164 314 1386 353 transmisit
1406 328 1496 359 eoo,

531 379 650 417 Hanc
671 392 780 417 nunc
801 379 1088 430 cunctipotens
1110 379 1190 417 huc
1211 378 1251 416 in
1272 392 1364 417 mea
1384 392 1513 430 regna
1534 378 1715 417 remisit.'

530 444 647 482 Haec
667 443 723 482 ait
743 451 782 482 et
803 457 989 482 mensam
1013 443 1120 495 pede
1141 434 1315 494 perculit
1335 443 1591 494 exiliensque

530 508 694 546 Ducere
716 521 870 559 equum
893 508 1005 547 iubet
1027 516 1065 547 et
1086 508 1184 546 sella
1205 521 1441 558 conponere
1461 508 1622 558 sculpta

530 572 672 622 Atque
692 572 805 611 omni
826 572 879 611 de
900 572 1020 624 plebe
1041 572 1151 611 uiros
1171 586 1311 611 secum
1333 572 1552 611 duodenos

529 634 696 673 Uiribus
717 634 912 686 insignes,
934 635 1080 673 animis
1101 635 1349 686 plerumque
1370 635 1567 686 probatos

531 699 719 750 Legerat.
779 699 882 738 inter
901 713 1008 750 quos
1028 699 1149 738 simul
1171 699 1228 738 ire
1252 700 1486 749 Haganona
1507 699 1683 738 iubebat.

529 762 610 813 Qui
632 776 794 801 memor
814 762 1006 813 antiquae
1028 761 1124 800 fidei
1145 761 1329 813 sociique
1351 761 1496 813 prioris

527 827 679 866 Nititur
698 841 721 865 a
742 827 899 878 coeptis
921 826 1135 866 dominum
1159 834 1436 865 transuertere
1457 827 1592 865 rebus.

529 893 622 930 Rex
643 900 780 930 tamen
801 905 823 930 e
844 897 987 930 contra
1009 884 1273 930 nihilominus
1295 891 1415 930 instat
1437 899 1476 929 et
1497 891 1605 930 infit:

526 957 612 994 ‘Ne
634 955 793 994 tardata
815 955 902 1002 uiri,
926 955 1180 1007 praecingite
1201 969 1375 1006 corpora
1397 955 1503 994 ferro

526 1020 677 1067 Fortia,
699 1033 948 1071 squamosus
970 1020 1118 1059 thorax
1140 1020 1219 1058 iam
1242 1028 1359 1070 terga
1380 1020 1591 1059 recondat.

526 1085 606 1123 Hic
627 1093 785 1124 tanturn
807 1098 936 1136 gazae
958 1084 1128 1123 Francis
1149 1085 1331 1123 deducat
1351 1085 1402 1122 ab
1425 1084 1506 1123 oris
1521 1084 1560 1122 ?'

528 1149 717 1188 Instructi
739 1149 840 1195 telis,
863 1163 954 1187 nam
979 1149 1105 1187 iussio
1126 1149 1235 1200 regis
1257 1149 1445 1199 adurget,

528 1214 708 1253 Exibant
730 1214 858 1265 portis
880 1222 919 1252 te
940 1213 1218 1252 Waltharium
1242 1213 1456 1264 cupientes

525 1279 718 1318 Sternere
739 1286 779 1317 et
799 1278 990 1317 inbellem
1012 1278 1133 1317 lucris
1155 1278 1343 1316 fraudare
1365 1286 1568 1329 putantes.

523 1343 607 1382 Sed
630 1351 768 1382 tamen
790 1343 1039 1381 omnimodis
1064 1343 1244 1394 Hagano
1266 1343 1488 1394 prohibere
1509 1343 1724 1382 studebat:

525 1407 581 1445 At
602 1420 674 1445 rex
695 1405 833 1444 infelix
855 1406 1012 1457 coeptis
1034 1405 1272 1457 resipiscere
1294 1419 1376 1444 non
1396 1406 1494 1445 uult.

580 1471 739 1510 Interea
760 1470 821 1508 uir
841 1470 1130 1522 magnanimus
1151 1470 1204 1509 de
1226 1470 1394 1508 flumine
1415 1484 1594 1521 pergens

525 1536 707 1574 Uenerat
728 1535 767 1573 in
789 1535 935 1574 saltum
959 1534 1038 1573 iarn
1061 1543 1158 1574 tunc
1179 1535 1395 1586 Vosagum
1418 1535 1656 1574 uocitatum.

524 1601 631 1638 Nam
654 1613 801 1638 nemus
823 1607 884 1638 est
905 1599 1050 1651 ingens
1070 1599 1313 1650 spatiosum,
1334 1599 1462 1639 lustra
1483 1599 1658 1638 ferarum

526 1664 703 1703 Plurima
724 1664 893 1709 habens,
915 1673 1074 1703 suetem
1097 1664 1266 1703 canibus
1288 1678 1482 1703 resonare
1503 1665 1707 1716 tubisque.

524 1729 631 1768 Sunt
651 1728 691 1766 in
711 1742 875 1767 secessu
897 1728 980 1767 bini
1002 1737 1249 1780 montesque
1270 1728 1505 1780 propinqui,

526 1794 636 1832 Inter
655 1806 760 1844 quos
780 1793 875 1832 licet
895 1801 1117 1843 angustum
1140 1806 1288 1845 specus
1310 1801 1421 1832 extat
1441 1807 1633 1832 amenum

526 1858 620 1896 Non
641 1858 784 1896 tellure
805 1871 906 1896 caua
926 1858 1076 1896 factum
1099 1858 1173 1896 sed
1195 1857 1347 1897 uertice
1368 1871 1517 1909 rupum
1535 1873 1541 1896 :

524 1923 636 1973 Apta
657 1922 826 1973 quidem
849 1922 969 1961 statio
989 1922 1216 1961 latronibus
1237 1922 1303 1960 illa
1324 1922 1514 1961 cruentis.

523 1987 715 2038 Angulus
736 1986 801 2025 hic
821 1986 974 2026 uirides
995 2001 1042 2025 ac
1063 2001 1207 2026 uescas
1228 1995 1414 2038 gesserat
1435 1987 1595 2026 herbas.

523 2052 646 2089 Hunc
667 2065 764 2090 mox
787 2060 830 2090 ut
851 2051 954 2090 uidit
975 2051 1156 2092 iuuenis:
1190 2052 1314 2090 ‘huc’
1338 2051 1470 2103 inquit
1493 2056 1670 2095 ‘eamus

524 2114 600 2153 His
621 2114 734 2153 iuuat
755 2115 795 2152 in
815 2114 956 2153 castris
977 2114 1128 2153 fessum
1152 2128 1388 2166 conponere
1409 2128 1572 2166 corpus.

525 2178 630 2216 Nam
653 2187 874 2230 postquam
898 2179 1059 2230 fugiens
1081 2180 1266 2218 Auarum
1290 2179 1536 2218 discesserat
1556 2180 1650 2224 oris,

523 2243 619 2281 Non
639 2243 754 2282 aliter
774 2243 909 2282 somni
931 2244 1115 2295 requiem
1137 2252 1378 2295 gustauerat
1398 2244 1507 2282 idem

522 2307 658 2357 Quam
681 2321 805 2359 super
826 2308 988 2347 innixus
1009 2309 1165 2360 clipeo:
1188 2309 1260 2347 uix
1281 2309 1482 2348 clauserat
1504 2309 1637 2347 orbes.

522 2371 673 2410 Bellica
694 2380 779 2410 tum
803 2372 971 2410 demum
994 2373 1210 2424 deponens
1231 2373 1417 2424 pondera
1438 2373 1543 2411 dixit

523 2436 704 2487 Uirginis
726 2436 765 2474 in
787 2437 991 2488 gremium
1015 2437 1126 2476 fusus
1147 2452 1153 2476 :
1187 2437 1478 2488 ‘circumspice
1499 2446 1617 2476 caute

523 2499 718 2551 Hiltgunt
738 2508 778 2539 et
798 2500 989 2539 nebulam
1012 2501 1043 2540 si
1065 2502 1151 2540 tolli
1173 2501 1326 2540 uideris
1346 2509 1488 2545 atram,

522 2564 691 2603 Attactu
713 2565 867 2603 blando
889 2579 954 2603 me
975 2579 1146 2616 surgere
1168 2565 1462 2609 conmonitato;

522 2629 575 2667 Et
596 2628 690 2667 licet
710 2628 920 2680 ingentem
944 2630 1211 2681 conspexeris
1232 2630 1288 2669 ire
1311 2638 1532 2673 cateruam,

521 2693 585 2731 Ne
605 2693 742 2732 subito
763 2693 945 2732 excutias
966 2708 1114 2733 somno
1135 2695 1189 2732 mi
1211 2708 1303 2733 cara
1324 2702 1483 2739 caueto,

521 2757 624 2795 Nam
649 2758 791 2808 procul
814 2745 908 2796 hinc
929 2757 1035 2797 acies
1058 2758 1164 2809 potis
1187 2772 1229 2797 es
1250 2758 1526 2797 transmittere
1548 2772 1682 2809 puras.

404 2832 648 2888 486⁷Wciemere
668 2832 819 2891 Psi—494
836 2832 1041 2883 amo—eiiiim
1063 2833 1118 2882 Ρ
