1909 3279
367 253 411 279 12

393 360 466 397 235

397 682 472 718 240

395 1001 467 1038 245

395 1324 472 1361 250

393 1643 466 1681 255

396 1956 471 1992 260

398 2279 471 2325 265

395 2608 470 2644 270

411 2886 471 2917 235
497 2863 591 2910 haec
606 2863 672 2916 ‘PE
688 2863 771 2910 Vhec
789 2864 1008 2917 sffiith‘ic
1027 2866 1214 2921 B'I'.—2245
1241 2867 1474 2922 impendere
1494 2869 1645 2924 P.—27o
1661 2871 1857 2926 complen-

366 2936 424 2963 tur
444 2931 481 2963 P.

741 237 853 272 WAL
868 237 1022 271 THER
1052 238 1130 271 OF
1144 235 1495 279 AQUITAJNE.

526 346 658 396 Uirgo
678 359 752 397 per
773 345 987 396 hyroniam
1012 345 1216 384 meditans
1237 346 1314 384 hec
1334 344 1472 383 dicere
1493 356 1696 394 sponsum.

527 411 696 449 Paulum
719 409 924 457 conticuit,
946 410 1022 449 sed
1042 418 1187 461 postea
1208 410 1303 449 talia
1324 409 1482 448 reddit:

527 480 533 494 ‘
552 474 665 524 Quid
684 475 824 526 lingua
843 474 1011 513 simulas
1032 474 1150 525 quod
1167 474 1220 512 ab
1240 474 1324 513 imo
1345 482 1513 525 pectore
1534 472 1711 511 damnas

527 541 696 590 Oreque
718 539 951 590 pursuades
969 547 1058 578 toto
1079 539 1194 590 quod
1215 539 1341 577 corde
1362 537 1542 577 refutas?

526 605 586 644 Sit
607 604 734 643 ueluti
755 605 878 643 talem
901 604 1038 655 pudor
1058 604 1207 654 ingens
1224 604 1376 642 ducere
1398 603 1596 654 nuptam.'

530 668 604 707 Uir
623 668 787 719 sapiens
808 677 950 707 contra
970 668 1186 719 respondit
1205 676 1246 707 et
1267 667 1399 707 intulit
1419 667 1495 706 ista
1512 681 1520 705 :

528 733 664 771 ‘Absit
684 733 799 784 quod
820 732 1058 772 memoras?
1088 733 1351 772 dextrorsum
1375 731 1541 783 porrige
1562 744 1746 770 sensum.

528 795 651 834 Noris
672 809 738 834 me
760 795 929 834 nihilum
952 795 1142 834 simulata
1163 804 1299 834 mente
1320 795 1502 834 locutum

528 861 615 899 Nec
637 860 859 911 quicquam
883 860 1057 898 nebulae
1078 860 1143 898 uel
1164 859 1249 898 falsi
1271 859 1462 899 interfore
1483 859 1617 897 crede.

528 925 676 964 Nullus
695 925 815 963 adest
835 924 953 963 nobis
973 924 1157 976 exceptis
1178 938 1358 975 namque
1378 923 1555 962 duobus.

526 989 568 1028 Si
590 1002 754 1028 nossem
777 997 903 1028 temet
924 989 1022 1027 mihi
1044 997 1278 1040 promptam
1301 988 1529 1040 inpendere
1547 995 1732 1026 mentem

526 1054 666 1104 Atque
687 1053 811 1092 fidem
833 1053 940 1093 uotis
961 1067 1128 1092 seruare
1147 1067 1222 1105 per
1241 1053 1378 1092 omnia
1400 1053 1540 1098 cautis,

528 1118 712 1156 Pandere
733 1126 879 1157 cuncta
900 1118 970 1157 tibi
993 1118 1128 1157 cordis
1150 1118 1345 1169 mysteria
1366 1117 1542 1156 uellem.’

577 1182 766 1221 Tandem
789 1182 909 1234 uirgo
930 1182 1004 1221 uiri
1023 1183 1201 1234 genibus
1223 1190 1391 1221 curuata
1411 1181 1616 1233 profatur:

525 1247 607 1286 ‘Ad
628 1260 920 1298 quaecumque
940 1261 1077 1294 uocas,
1100 1247 1154 1286 mi
1175 1247 1342 1293 domne,
1365 1260 1515 1298 sequar
1535 1246 1725 1285 studiose

527 1312 615 1350 Nec
636 1311 857 1363 quicquam
880 1312 1039 1363 placitis
1059 1300 1197 1350 malim
1220 1324 1478 1363 praeponere
1492 1310 1643 1363 jussis.’

527 1375 599 1413 Ille
619 1375 791 1413 dehinc:
815 1375 954 1426 ‘piget
975 1375 1098 1413 exillii
1120 1389 1186 1414 me
1207 1375 1389 1426 denique
1411 1374 1538 1414 nostri

526 1439 577 1478 Et
598 1439 753 1490 patriae
775 1439 876 1478 fines
897 1440 1136 1479 reminiscor
1155 1453 1281 1491 saepe
1302 1439 1488 1479 relictos:

526 1501 771 1553 Idcircoque
792 1502 932 1552 fugam
955 1502 1080 1553 cupio
1101 1503 1279 1541 celerare
1299 1503 1508 1542 latentem.

525 1567 651 1617 Quod
674 1567 752 1605 iam
775 1581 874 1618 prae
896 1567 1033 1606 multis
1055 1567 1281 1619 potuissem
1304 1567 1408 1607 forte
1428 1567 1589 1614 diebus,

525 1631 567 1670 Si
589 1645 670 1671 non
694 1631 969 1683 Hiltgundem
991 1632 1121 1671 solam
1144 1645 1357 1671 remanere
1377 1633 1593 1671 dolerem.’

577 1696 756 1735 Addidit
777 1696 851 1735 has
872 1696 956 1735 imo
977 1696 1221 1748 uirguncula
1242 1697 1368 1736 corde
1389 1697 1600 1748 loquelas:

526 1761 554 1810 [‘
572 1761 766 1799 Uestrum
789 1761 894 1800 uelle
915 1774 1068 1808 meum,
1089 1762 1187 1800 solis
1209 1761 1271 1800 his
1291 1770 1435 1801 aestuo
1456 1762 1614 1811 rebus]

528 1825 753 1876 Praecipiat
773 1826 979 1873 dominus,
1000 1840 1072 1865 seu
1094 1840 1292 1878 prospera
1313 1826 1401 1865 siue
1421 1826 1597 1874 sinistra,

527 1889 625 1928 Eius
646 1903 788 1928 amore
809 1890 893 1941 pati
914 1898 1003 1929 toto
1023 1904 1113 1929 sum
1137 1899 1307 1942 pectore
1327 1892 1520 1942 praesto.'

525 1954 781 1994 Waltharius
802 1955 969 1994 tandem
992 1955 1050 1994 sic
1072 1955 1242 2007 uirginis
1264 1955 1396 2007 inquit
1416 1955 1456 1994 in
1476 1969 1616 1995 aurem
1635 1971 1644 1994 :

526 2022 533 2036 ‘
552 2018 718 2057 Publica
738 2019 953 2058 custodem
976 2020 1101 2059 rebus
1120 2028 1161 2059 te
1182 2034 1332 2072 nempe
1353 2028 1536 2072 potestas

528 2082 709 2129 Fecerat,
733 2083 885 2122 idcirco
906 2097 1066 2123 memor
1086 2085 1188 2123 haec
1208 2099 1300 2123 mea
1321 2085 1447 2124 uerba
1467 2093 1635 2125 notato:

529 2147 719 2198 Inprimis
739 2148 900 2198 galeam
923 2148 1031 2199 regis
1051 2149 1330 2200 tunicamque,
1351 2150 1521 2189 trilicem

527 2212 682 2251 Assero
703 2212 869 2250 loricam
891 2213 1098 2252 fabrorum
1121 2213 1280 2266 insigne
1300 2214 1511 2262 ferentem,

530 2276 687 2327 Diripe,
710 2276 804 2315 bina
824 2277 975 2316 dehinc
995 2278 1221 2317 mediocria
1240 2279 1388 2318 scrinia
1409 2280 1517 2319 tolle.

531 2338 608 2377 His
628 2339 877 2378 armillarum
900 2348 1056 2379 tantum
1079 2341 1133 2380 da
1153 2342 1491 2392 pannonicarum,

530 2403 676 2442 Donec
697 2402 765 2441 uix
787 2417 914 2443 unum
936 2405 1095 2444 releues
1115 2406 1168 2444 ad
1195 2406 1374 2457 pectoris
1394 2406 1536 2446 imum.

531 2467 633 2506 Inde
654 2476 800 2518 quater
819 2468 960 2507 binum
983 2469 1082 2508 mihi
1103 2469 1164 2508 fac
1185 2470 1237 2510 de
1259 2484 1375 2510 more
1395 2479 1613 2510 coturnum

528 2532 878 2584 Tantundemque
898 2532 969 2572 tibi
990 2542 1156 2584 patrans
1177 2534 1363 2585 inponito
1384 2535 1492 2574 uasis
1510 2549 1517 2574 :

526 2595 593 2635 Sic
613 2596 693 2635 fors
713 2596 767 2635 ad
787 2611 995 2636 summum
1018 2599 1262 2650 conplentur
1281 2600 1427 2638 scrinia
1447 2600 1622 2640 labrum.

531 2661 704 2711 Insuper
723 2674 746 2699 a
766 2660 887 2700 fabris
908 2662 1054 2701 hamos
1074 2663 1176 2702 clam
1201 2677 1327 2715 posce
1348 2672 1535 2704 retortos.

529 2725 680 2763 Nostra
700 2724 848 2764 uiatica
868 2725 946 2765 sint
967 2726 1100 2777 pisces
1119 2727 1241 2766 simul
1262 2736 1387 2779 atque
1408 2729 1610 2776 uolucres,

529 2789 623 2839 Ipse
644 2802 725 2839 ego
745 2788 937 2840 piscator,
957 2790 1032 2829 sed
1054 2799 1093 2830 et
1113 2805 1266 2843 auceps
1287 2806 1377 2831 esse
1397 2802 1571 2833 coartor.
