1909 3279
715 195 827 229 WAL
842 195 996 228 THER
1025 194 1099 228 OF
1117 195 1463 237 AQUJTAJNE.

469 305 603 337 Donec
622 303 678 336 vir
695 302 847 336 inclitus
865 313 913 336 ex
931 302 1008 335 alta
1028 302 1312 336 descenderent
1324 310 1354 333 52
1372 302 1480 335 sella.

466 359 618 401 Quique
631 366 661 389 53
680 358 837 391 demum
857 357 954 391 sorte
973 357 1171 400 requirunt
1188 357 1218 391 si
1238 358 1338 391 bene
1357 358 1417 391 res
1438 362 1612 399 vergant.

467 414 541 455 Qui
560 413 756 447 modicum
774 412 848 446 illis
867 423 1026 446 narrans
1044 411 1253 446 intraverat
1272 412 1414 446 aulam.

468 469 560 501 Erat
577 468 679 501 enim
699 467 844 510 oppido
862 468 1035 506 lassus,54
1053 467 1233 510 regisque
1252 467 1379 501 cubile
1397 467 1568 510 petebat.

469 523 627 565 Illicque
645 522 682 556 in
700 522 874 564 ingressu
896 522 1136 565 Hilgundem
1154 523 1278 556 solam
1298 521 1459 556 offendit
1478 521 1735 561 residentem3

469 578 540 611 Cui
559 584 645 620 post
663 576 871 610 amabilem
890 577 1177 620 amplexionem
1197 583 1313 620 atque
1332 577 1460 610 dulcia
1478 577 1610 610 oscula
1629 576 1746 609 dixit:

472 644 625 677 “Ocius
644 644 717 677 huc
735 649 869 686 potum
889 643 997 683 serto,
1018 643 1108 686 quia
1127 643 1250 677 fessus
1269 643 1453 677 anhelo.''

471 711 541 744 Illa
559 721 666 743 mero
684 711 819 743 talium
838 710 1048 752 complevit
1067 721 1155 743 mox
1176 710 1402 751 pretiosum,

469 766 599 809 Atque
612 773 642 796 55
661 764 877 798 Walthario
895 765 943 798 ad
965 764 1175 798 bibendum
1195 765 1358 798 obtulit:
1409 765 1483 806 Qui
1502 765 1660 807 signans

1041 820 1240 863 accepit‚56

470 875 775 918 Virgineamque
795 886 949 908 manum
971 874 1125 917 propria
1143 875 1394 914 constrinxit;
1415 881 1453 908 at
1472 875 1536 908 illa

472 931 653 965 Reticens
672 930 818 964 vultum
838 930 1002 963 intendit
1020 930 1056 963 in
1076 941 1176 963 eum.

474 987 651 1028 Cumque
670 985 909 1018 lValtharius
928 984 1089 1018 bibisset
1107 996 1271 1019 vacuum
1289 996 1357 1019 vas
1376 985 1546 1019 reddidit
1565 985 1663 1018 illi—

472 1042 602 1074 Ambo
621 1040 723 1074 enim
742 1046 930 1073 noverant
949 1040 997 1073 de
1015 1051 1056 1073 se
1074 1040 1271 1082 sponsalia
1290 1040 1435 1074 facta—

475 1097 664 1129 Provocat
681 1101 720 1128 et
737 1095 803 1128 tali
822 1105 951 1128 caram
970 1106 1149 1129 sermone
1167 1095 1336 1138 pueliam
1355 1103 1406 1129 ;57

474 1154 497 1167 “
513 1150 680 1184 Exilium
699 1150 842 1193 pariter
860 1150 1044 1192 partimur
1063 1149 1138 1183 iam
1157 1156 1333 1193 tempore
1352 1156 1472 1184 tanto.

473 1196 559 1228 Non
577 1196 800 1237 ignoramus
820 1194 935 1233 enim,
956 1194 1060 1236 quod
1081 1194 1199 1227 nostri
1218 1195 1415 1237 quondam
1435 1201 1616 1237 parentes

474 1240 577 1272 Inter
593 1249 634 1280 ες
651 1244 781 1272 nostra
801 1238 849 1272 de
868 1248 906 1279 ῖς
924 1238 1048 1272 fecere
1067 1239 1235 1272 futura.”

396 1315 515 1366 Quae
544 1327 636 1352 cum
668 1313 739 1352 diu
773 1313 867 1352 talia
901 1321 942 1352 et
975 1313 1053 1352 alia
1083 1313 1319 1352 huiusmodi
1349 1314 1532 1353 audisset
1554 1314 1671 1364 virgo
1701 1314 1838 1359 verba,

341 1379 554 1431 cogitabat
575 1379 655 1417 hoc
676 1378 729 1416 illi
752 1391 826 1429 per
847 1378 1064 1428 hyroniam
1098 1378 1247 1423 dicere,
1270 1379 1345 1417 sed
1378 1379 1591 1430 paululum
1628 1393 1720 1417 cum
1744 1392 1839 1418 con-

340 1445 535 1490 ticuisset,
559 1443 654 1482 talia
675 1443 728 1481 illi
749 1443 875 1482 satur:

346 1839 479 1877 Adest
518 1837 656 1887 itaque
704 1837 770 1876 hic
783 1837 816 1861 ⁶0
854 1837 1002 1883 nullus,
1043 1837 1229 1889 exceptis
1269 1837 1388 1876 nobis
1435 1837 1612 1877 duobus.

345 1915 523 1954 namque
544 1909 634 1940 esto
655 1909 792 1940 mente
813 1901 998 1948 sollicita,
1016 1915 1122 1953 quae
1137 1901 1391 1941 extrinsecus
1412 1916 1455 1942 es
1469 1902 1579 1954 regis
1591 1902 1843 1954 reginaeque

490 1517 611 1559 ‘Quid
632 1516 762 1559 lingua
781 1515 940 1549 simulas
958 1516 1062 1558 quod
1076 1517 1108 1547 58
1125 1516 1173 1549 ab
1191 1516 1269 1550 imo
1286 1523 1443 1559 pectore
1477 1517 1694 1560 dampnas?

474 1562 550 1595 Ore
570 1561 662 1594 mihi
682 1560 806 1603 fingis,
828 1567 910 1594 toto
928 1560 1032 1603 quod
1052 1561 1169 1594 corde
1189 1560 1344 1600 refutas,

474 1606 693 1648 Tamquam
712 1604 742 1638 si
762 1604 810 1638 sit
828 1604 896 1638 tibi
915 1615 1078 1646 magnus
1097 1605 1222 1647 pudor
1240 1604 1383 1638 ducere
1402 1606 1606 1648 nuptam.'’

475 1660 543 1694 Vir
560 1660 715 1702 sapiens
734 1666 867 1693 contra
887 1659 1101 1702 respondit,
1121 1666 1159 1693 et
1177 1659 1303 1693 intulit
1321 1660 1394 1693 ista
1411 1671 1417 1693 :

476 1715 629 1754 “Absit‚
650 1714 754 1758 quod
774 1725 982 1748 memoras.
1033 1715 1288 1748 Dextrorsum
1308 1715 1460 1757 porrige
1479 1726 1648 1749 sensum.

475 1759 559 1793 Scis
575 1759 690 1799 enim,
711 1759 761 1792 nil
782 1770 967 1801 umquam
981 1767 1011 1791 59
1030 1770 1091 1792 me
1109 1759 1290 1792 simulata
1309 1765 1438 1793 mente
1457 1759 1642 1793 locutum.

344 1966 546 2007 thesauris
567 1966 754 2005 custoda.

479 2042 519 2074 In
538 2040 669 2082 primis
688 2040 842 2083 galeam
862 2041 963 2083 regis
982 2042 1229 2084 tunicamque
1247 2042 1409 2076 trilicem

476 2086 622 2118 Assero
635 2085 664 2109 61
685 2085 842 2118 loricam
861 2084 1057 2118 fabrorum
1076 2085 1226 2128 insigne
1245 2085 1445 2120 ferentem.

478 2129 609 2171 Diripe
628 2128 729 2167 bina,
750 2128 891 2163 dehinc
910 2129 1122 2163 mediocria
1140 2130 1279 2163 scrinia
1297 2130 1402 2164 tolle.

478 2173 550 2206 His
568 2172 803 2205 armillarum
822 2178 972 2206 tantum
991 2173 1041 2207 da
1062 2174 1380 2214 Pannonicarum‚

479 2218 613 2250 Donec
632 2216 693 2249 vix
712 2217 861 2250 releves
879 2227 996 2250 unum
1016 2217 1064 2250 ad
1083 2219 1250 2260 pectoris
1269 2218 1426 2257 honum,
1432 2219 1462 2243 62

478 2260 573 2294 Inde
592 2266 729 2303 quater
743 2262 875 2293 binum
893 2261 986 2294 mihi
1005 2261 1063 2295 fac
1082 2262 1131 2296 de
1150 2273 1256 2295 more
1275 2268 1490 2296 coturnum.

480 2305 642 2346 Insuper
659 2315 679 2337 a
699 2304 814 2337 fabris
834 2304 970 2354 hamos
990 2306 1089 2338 clam
1108 2317 1226 2348 posce
1245 2312 1423 2340 retortos.

479 2349 619 2382 Nostra
638 2348 776 2381 viatica
794 2347 868 2381 sint
887 2348 1011 2390 pisces
1029 2349 1142 2382 simul
1163 2356 1279 2392 atque
1297 2350 1487 2384 v.olucres

479 2393 567 2434 Ipse
585 2403 660 2441 ego
677 2391 847 2434 piscator
864 2393 934 2426 sed
953 2404 1097 2436 auceps
1117 2405 1202 2427 esse
1221 2394 1412 2427 cohartor.
1417 2394 1448 2425 63

479 2437 590 2469 Haec
609 2435 706 2469 intra
725 2435 981 2470 ebdornede64
999 2443 1110 2471 caute
1130 2448 1197 2480 per
1215 2438 1367 2480 singula
1385 2437 1549 2479 comple.

478 2479 632 2513 Audisti
651 2480 756 2522 quod
775 2480 919 2513 habere
938 2480 1055 2514 vianti
1074 2481 1170 2515 forte
1183 2482 1214 2513 65
1231 2492 1393 2515 necesse
1411 2487 1480 2514 est.

480 2525 690 2566 Postquam
708 2529 891 2566 septenos
908 2524 1087 2558 Phoebus
1106 2526 1336 2559 remeaverit
1354 2525 1468 2559 orbes

479 2567 666 2601 Convivia
685 2567 786 2617 laeta
805 2568 952 2610 parabo

480 2611 576 2653 Regi
595 2622 639 2644 ac
658 2611 827 2661 reginae,
847 2611 1023 2661 satrapis,
1044 2612 1207 2646 ducibus
1225 2612 1466 2654 famulisque,

479 2656 610 2698 Atque
628 2655 731 2688 omni
751 2655 907 2714 ingenio
925 2661 1017 2698 potu
1035 2656 1201 2714 sepelire
1218 2657 1398 2715 studebo,
1403 2657 1435 2681 66

1672 1838 1842 1877 Amodo

390 2739 429 2771 52
448 2712 724 2762 descenderet
730 2738 815 2770 —53
828 2712 1050 2770 Q.uemque
1056 2738 1143 2770 -54
1169 2714 1310 2771 laps.us
1316 2740 1401 2772 -55
1407 2713 1566 2770 Quem.
1572 2731 1658 2771 -56
1684 2714 1839 2772 recepit.

345 2783 429 2814 —57
455 2782 634 2806 sermone
661 2798 668 2805 .
698 2798 705 2805 .
735 2798 742 2804 .
771 2798 778 2804 .
806 2771 908 2805 velli
913 2774 999 2814 —58
1028 2772 1132 2815 quid.
1138 2783 1225 2815 ——59
1249 2773 1351 2807 enim
1385 2783 1608 2816 numquam.
1615 2774 1702 2806 —60
1718 2774 1842 2807 Adest

347 2816 532 2849 heio-61
559 2816 770 2849 Affer.——62
796 2826 905 2849 onus.
911 2817 996 2858 -63
1021 2816 1214 2850 cohortor.
1219 2818 1305 2858 —64
1329 2816 1632 2850 hebdomadem.
1638 2818 1724 2859 —65
1747 2817 1842 2851 forte

347 2860 622 2902 amusing—66
639 2865 752 2902 potus
770 2859 925 2902 saepius
943 2859 1081 2894 illinire
1098 2860 1279 2894 studebo.

1866 480 1909 496 22(

1869 1257 1909 1280 ²3:

1871 1393 1909 1415 ²31

1871 1682 1909 1704 24(

1872 1737 1903 1759 ²4

1872 1779 1909 1802 ²4⁴«

1872 1858 1909 1880 24.

1873 1916 1904 1940 26

1873 2051 1909 2079 26,

1873 2139 1905 2163 26

1872 2485 1909 2508 272

1872 2530 1909 2552 ²7⁴

1855 2565 1909 2598 279]

1871 2611 1909 2641 27:

1872 2655 1909 2679 28(
