<?xml version="1.0" encoding="UTF-8"?>
<!DOCTYPE html PUBLIC "-//W3C//DTD XHTML 1.0 Transitional//EN"
    "http://www.w3.org/TR/xhtml1/DTD/xhtml1-transitional.dtd">
<html xmlns="http://www.w3.org/1999/xhtml" xml:lang="en" lang="en">
 <head>
  <title>
</title>
<meta http-equiv="Content-Type" content="text/html;charset=utf-8" />
  <meta name='ocr-system' content='tesseract 3.04.00' />
  <meta name='ocr-capabilities' content='ocr_page ocr_carea ocr_par ocr_line ocrx_word'/>
</head>
<body>
  <div class='ocr_page' id='page_1' title='image "./sagaofwaltherofa00learrich_0057.png"; bbox 0 0 1909 3279; ppageno 0'>
   <div class='ocr_carea' id='block_1_1' title="bbox 67 521 164 558">
    <p class='ocr_par' dir='ltr' id='par_1_1' title="bbox 67 521 164 558">
     <span class='ocr_line' id='line_1_1' title="bbox 67 521 164 558; baseline 0 0"><span class='ocrx_word' id='word_1_1' title='bbox 67 521 164 558; x_wconf 83' lang='lat'>¹355</span> 
     </span>
    </p>
   </div>
   <div class='ocr_carea' id='block_1_2' title="bbox 67 833 166 880">
    <p class='ocr_par' dir='ltr' id='par_1_2' title="bbox 67 833 166 880">
     <span class='ocr_line' id='line_1_2' title="bbox 67 833 166 880; baseline 0 -11"><span class='ocrx_word' id='word_1_2' title='bbox 67 833 166 880; x_wconf 85' lang='lat'>1360</span> 
     </span>
    </p>
   </div>
   <div class='ocr_carea' id='block_1_3' title="bbox 66 1156 163 1203">
    <p class='ocr_par' dir='ltr' id='par_1_3' title="bbox 66 1156 163 1203">
     <span class='ocr_line' id='line_1_3' title="bbox 66 1156 163 1203; baseline 0 -11"><span class='ocrx_word' id='word_1_3' title='bbox 66 1156 163 1203; x_wconf 82' lang='lat'>1365</span> 
     </span>
    </p>
   </div>
   <div class='ocr_carea' id='block_1_4' title="bbox 66 1487 164 1526">
    <p class='ocr_par' dir='ltr' id='par_1_4' title="bbox 66 1487 164 1526">
     <span class='ocr_line' id='line_1_4' title="bbox 66 1487 164 1526; baseline 0 -12"><span class='ocrx_word' id='word_1_4' title='bbox 66 1487 164 1526; x_wconf 84' lang='lat'>1370</span> 
     </span>
    </p>
   </div>
   <div class='ocr_carea' id='block_1_5' title="bbox 64 1810 161 1848">
    <p class='ocr_par' dir='ltr' id='par_1_5' title="bbox 64 1810 161 1848">
     <span class='ocr_line' id='line_1_5' title="bbox 64 1810 161 1848; baseline 0 0"><span class='ocrx_word' id='word_1_5' title='bbox 64 1810 161 1848; x_wconf 84' lang='lat'>1375</span> 
     </span>
    </p>
   </div>
   <div class='ocr_carea' id='block_1_6' title="bbox 64 2125 163 2170">
    <p class='ocr_par' dir='ltr' id='par_1_6' title="bbox 64 2125 163 2170">
     <span class='ocr_line' id='line_1_6' title="bbox 64 2125 163 2170; baseline 0.01 -11"><span class='ocrx_word' id='word_1_6' title='bbox 64 2125 163 2170; x_wconf 85' lang='lat'>1380</span> 
     </span>
    </p>
   </div>
   <div class='ocr_carea' id='block_1_7' title="bbox 66 2445 161 2491">
    <p class='ocr_par' dir='ltr' id='par_1_7' title="bbox 66 2445 161 2491">
     <span class='ocr_line' id='line_1_7' title="bbox 66 2445 161 2491; baseline 0 0"><span class='ocrx_word' id='word_1_7' title='bbox 66 2445 161 2491; x_wconf 73' lang='grc' dir='ltr'>Ι385</span> 
     </span>
    </p>
   </div>
   <div class='ocr_carea' id='block_1_8' title="bbox 66 2774 160 2777">
    <p class='ocr_par' dir='ltr' id='par_1_8' title="bbox 66 2774 160 2777">
     <span class='ocr_line' id='line_1_8' title="bbox 66 2774 160 2777; baseline 0 0"><span class='ocrx_word' id='word_1_8' title='bbox 66 2774 160 2777; x_wconf 95' lang='lat' dir='ltr'> </span> 
     </span>
    </p>
   </div>
   <div class='ocr_carea' id='block_1_9' title="bbox 433 207 1178 251">
    <p class='ocr_par' dir='ltr' id='par_1_9' title="bbox 433 207 1178 251">
     <span class='ocr_line' id='line_1_9' title="bbox 433 207 1178 251; baseline 0.007 -11"><span class='ocrx_word' id='word_1_9' title='bbox 433 207 545 241; x_wconf 79' lang='lat' dir='ltr'>WAL</span> <span class='ocrx_word' id='word_1_10' title='bbox 561 208 712 242; x_wconf 76' lang='lat' dir='ltr'><em>THER</em></span> <span class='ocrx_word' id='word_1_11' title='bbox 741 210 814 242; x_wconf 80' lang='lat' dir='ltr'>OF</span> <span class='ocrx_word' id='word_1_12' title='bbox 834 210 870 243; x_wconf 78' lang='lat' dir='ltr'><em>A</em></span> <span class='ocrx_word' id='word_1_13' title='bbox 880 211 914 251; x_wconf 79' lang='lat' dir='ltr'><em>Q</em></span> <span class='ocrx_word' id='word_1_14' title='bbox 924 211 985 244; x_wconf 68' lang='lat' dir='ltr'>Ul</span> <span class='ocrx_word' id='word_1_15' title='bbox 993 211 1058 244; x_wconf 66' lang='lat' dir='ltr'>TA</span> <span class='ocrx_word' id='word_1_16' title='bbox 1069 212 1178 245; x_wconf 68' lang='lat' dir='ltr'>[NE.</span> 
     </span>
    </p>
   </div>
   <div class='ocr_carea' id='block_1_10' title="bbox 221 315 1222 370">
    <p class='ocr_par' dir='ltr' id='par_1_10' title="bbox 221 315 1222 370">
     <span class='ocr_line' id='line_1_10' title="bbox 221 315 1222 370; baseline 0.005 -17"><span class='ocrx_word' id='word_1_17' title='bbox 221 316 284 354; x_wconf 93' lang='lat' dir='ltr'>Tu</span> <span class='ocrx_word' id='word_1_18' title='bbox 305 315 493 355; x_wconf 88' lang='lat' dir='ltr'>saltando</span> <span class='ocrx_word' id='word_1_19' title='bbox 516 315 654 355; x_wconf 90' lang='lat' dir='ltr'>iocans</span> <span class='ocrx_word' id='word_1_20' title='bbox 675 326 765 356; x_wconf 85' lang='lat' dir='ltr'>astu</span> <span class='ocrx_word' id='word_1_21' title='bbox 788 331 852 356; x_wconf 92' lang='lat' dir='ltr'>me</span> <span class='ocrx_word' id='word_1_22' title='bbox 874 318 1014 357; x_wconf 85' lang='lat' dir='ltr'>ludere</span> <span class='ocrx_word' id='word_1_23' title='bbox 1037 328 1222 370; x_wconf 80' lang='lat' dir='ltr'>temptas.</span> 
     </span>
    </p>
   </div>
   <div class='ocr_carea' id='block_1_11' title="bbox 220 379 1363 495">
    <p class='ocr_par' dir='ltr' id='par_1_11' title="bbox 220 379 1363 495">
     <span class='ocr_line' id='line_1_11' title="bbox 220 379 1363 433; baseline 0.002 -13"><span class='ocrx_word' id='word_1_24' title='bbox 220 380 305 420; x_wconf 85' lang='lat' dir='ltr'>Sed</span> <span class='ocrx_word' id='word_1_25' title='bbox 327 379 406 418; x_wconf 89' lang='lat' dir='ltr'>iam</span> <span class='ocrx_word' id='word_1_26' title='bbox 429 379 535 425; x_wconf 84' lang='lat' dir='ltr'>faxo,</span> <span class='ocrx_word' id='word_1_27' title='bbox 557 381 692 419; x_wconf 91' lang='lat' dir='ltr'>locum</span> <span class='ocrx_word' id='word_1_28' title='bbox 716 382 887 433; x_wconf 90' lang='lat' dir='ltr'>propius</span> <span class='ocrx_word' id='word_1_29' title='bbox 909 396 958 422; x_wconf 91' lang='lat' dir='ltr'>ne</span> <span class='ocrx_word' id='word_1_30' title='bbox 981 384 1179 422; x_wconf 73' lang='lat' dir='ltr'>accedere</span> <span class='ocrx_word' id='word_1_31' title='bbox 1201 386 1337 424; x_wconf 83' lang='lat' dir='ltr'>tardes</span> <span class='ocrx_word' id='word_1_32' title='bbox 1357 400 1363 422; x_wconf 88' lang='lat'><strong>:</strong></span> 
     </span>
     <span class='ocr_line' id='line_1_12' title="bbox 223 442 1217 495; baseline 0.004 -14"><span class='ocrx_word' id='word_1_33' title='bbox 223 443 330 482; x_wconf 89' lang='lat' dir='ltr'>Ecce</span> <span class='ocrx_word' id='word_1_34' title='bbox 351 451 441 482; x_wconf 92' lang='lat' dir='ltr'>tuas</span> <span class='ocrx_word' id='word_1_35' title='bbox 461 442 546 482; x_wconf 88' lang='lat' dir='ltr'>scio</span> <span class='ocrx_word' id='word_1_36' title='bbox 568 445 849 495; x_wconf 82' lang='lat' dir='ltr'>praegrandes</span> <span class='ocrx_word' id='word_1_37' title='bbox 871 446 1078 485; x_wconf 80' lang='lat' dir='ltr'>ostendito</span> <span class='ocrx_word' id='word_1_38' title='bbox 1100 447 1217 485; x_wconf 81' lang='lat' dir='ltr'>uires.</span> 
     </span>
    </p>
   </div>
   <div class='ocr_carea' id='block_1_12' title="bbox 222 507 1196 559">
    <p class='ocr_par' dir='ltr' id='par_1_12' title="bbox 222 507 1196 559">
     <span class='ocr_line' id='line_1_13' title="bbox 222 507 1196 559; baseline 0.004 -13"><span class='ocrx_word' id='word_1_39' title='bbox 222 508 292 546; x_wconf 87' lang='lat' dir='ltr'>Me</span> <span class='ocrx_word' id='word_1_40' title='bbox 314 508 429 559; x_wconf 89' lang='lat' dir='ltr'>piget</span> <span class='ocrx_word' id='word_1_41' title='bbox 450 507 655 547; x_wconf 86' lang='lat' dir='ltr'>incassum</span> <span class='ocrx_word' id='word_1_42' title='bbox 678 516 812 548; x_wconf 89' lang='lat' dir='ltr'>tantos</span> <span class='ocrx_word' id='word_1_43' title='bbox 833 509 1003 549; x_wconf 84' lang='lat' dir='ltr'>sufferre</span> <span class='ocrx_word' id='word_1_44' title='bbox 1024 511 1196 550; x_wconf 90' lang='lat' dir='ltr'>labores.</span> 
     </span>
    </p>
   </div>
   <div class='ocr_carea' id='block_1_13' title="bbox 215 570 1186 612">
    <p class='ocr_par' dir='ltr' id='par_1_13' title="bbox 215 570 1186 612">
     <span class='ocr_line' id='line_1_14' title="bbox 215 570 1186 612; baseline 0.003 -3"><span class='ocrx_word' id='word_1_45' title='bbox 215 570 339 610; x_wconf 85' lang='lat' dir='ltr'>Dixit</span> <span class='ocrx_word' id='word_1_46' title='bbox 359 579 399 610; x_wconf 85' lang='lat' dir='ltr'>et</span> <span class='ocrx_word' id='word_1_47' title='bbox 420 570 590 610; x_wconf 84' lang='lat' dir='ltr'>exiliens</span> <span class='ocrx_word' id='word_1_48' title='bbox 611 580 777 610; x_wconf 83' lang='lat' dir='ltr'>contum</span> <span class='ocrx_word' id='word_1_49' title='bbox 801 573 996 612; x_wconf 85' lang='lat' dir='ltr'>contorsit</span> <span class='ocrx_word' id='word_1_50' title='bbox 1018 573 1055 611; x_wconf 92' lang='lat' dir='ltr'>in</span> <span class='ocrx_word' id='word_1_51' title='bbox 1078 574 1186 612; x_wconf 92' lang='lat' dir='ltr'>illum</span> 
     </span>
    </p>
   </div>
   <div class='ocr_carea' id='block_1_14' title="bbox 222 635 1394 1075">
    <p class='ocr_par' dir='ltr' id='par_1_14' title="bbox 222 635 1394 816">
     <span class='ocr_line' id='line_1_15' title="bbox 222 635 1394 688; baseline 0.003 -14"><span class='ocrx_word' id='word_1_52' title='bbox 222 635 304 686; x_wconf 83' lang='lat' dir='ltr'>Qui</span> <span class='ocrx_word' id='word_1_53' title='bbox 325 649 505 687; x_wconf 82' lang='lat' dir='ltr'>pergens</span> <span class='ocrx_word' id='word_1_54' title='bbox 526 644 668 675; x_wconf 88' lang='lat' dir='ltr'>onerat</span> <span class='ocrx_word' id='word_1_55' title='bbox 689 636 865 687; x_wconf 90' lang='lat' dir='ltr'>clipeum</span> <span class='ocrx_word' id='word_1_56' title='bbox 887 637 1123 687; x_wconf 84' lang='lat' dir='ltr'>dirimitque</span> <span class='ocrx_word' id='word_1_57' title='bbox 1144 639 1394 688; x_wconf 83' lang='lat' dir='ltr'>aliquantum</span> 
     </span>
     <span class='ocr_line' id='line_1_16' title="bbox 224 699 1341 754; baseline 0.003 -16"><span class='ocrx_word' id='word_1_58' title='bbox 224 699 393 739; x_wconf 88' lang='lat' dir='ltr'>Loricae</span> <span class='ocrx_word' id='word_1_59' title='bbox 412 713 461 738; x_wconf 92' lang='lat' dir='ltr'>ac</span> <span class='ocrx_word' id='word_1_60' title='bbox 483 713 638 750; x_wconf 84' lang='lat' dir='ltr'>magno</span> <span class='ocrx_word' id='word_1_61' title='bbox 659 701 868 739; x_wconf 89' lang='lat' dir='ltr'>modicum</span> <span class='ocrx_word' id='word_1_62' title='bbox 892 702 944 740; x_wconf 90' lang='lat' dir='ltr'>de</span> <span class='ocrx_word' id='word_1_63' title='bbox 965 715 1138 753; x_wconf 87' lang='lat' dir='ltr'>corpore</span> <span class='ocrx_word' id='word_1_64' title='bbox 1158 704 1341 754; x_wconf 75' lang='lat' dir='ltr'>stringit:</span> 
     </span>
     <span class='ocr_line' id='line_1_17' title="bbox 222 765 1288 816; baseline 0.003 -13"><span class='ocrx_word' id='word_1_65' title='bbox 222 765 415 814; x_wconf 88' lang='lat' dir='ltr'>Denique</span> <span class='ocrx_word' id='word_1_66' title='bbox 437 765 669 816; x_wconf 87' lang='lat' dir='ltr'>praecipuis</span> <span class='ocrx_word' id='word_1_67' title='bbox 691 765 948 816; x_wconf 81' lang='lat' dir='ltr'>praecinctus</span> <span class='ocrx_word' id='word_1_68' title='bbox 969 766 1132 806; x_wconf 83' lang='lat' dir='ltr'>fulserat</span> <span class='ocrx_word' id='word_1_69' title='bbox 1153 768 1288 807; x_wconf 89' lang='lat' dir='ltr'>armis.</span> 
     </span>
    </p>

    <p class='ocr_par' dir='ltr' id='par_1_15' title="bbox 223 829 1327 1075">
     <span class='ocr_line' id='line_1_18' title="bbox 274 829 1327 882; baseline 0.004 -15"><span class='ocrx_word' id='word_1_70' title='bbox 274 830 331 868; x_wconf 86' lang='lat' dir='ltr'>At</span> <span class='ocrx_word' id='word_1_71' title='bbox 351 829 413 868; x_wconf 92' lang='lat' dir='ltr'>uir</span> <span class='ocrx_word' id='word_1_72' title='bbox 434 829 689 868; x_wconf 89' lang='lat' dir='ltr'>Waltharius</span> <span class='ocrx_word' id='word_1_73' title='bbox 712 830 834 869; x_wconf 88' lang='lat' dir='ltr'>missa</span> <span class='ocrx_word' id='word_1_74' title='bbox 854 843 948 869; x_wconf 90' lang='lat' dir='ltr'>cum</span> <span class='ocrx_word' id='word_1_75' title='bbox 971 831 1141 882; x_wconf 83' lang='lat' dir='ltr'>cuspide</span> <span class='ocrx_word' id='word_1_76' title='bbox 1162 845 1327 871; x_wconf 88' lang='lat' dir='ltr'>currens</span> 
     </span>
     <span class='ocr_line' id='line_1_19' title="bbox 223 894 1018 945; baseline 0.003 -13"><span class='ocrx_word' id='word_1_77' title='bbox 223 894 456 945; x_wconf 81' lang='lat' dir='ltr'>Euaginato</span> <span class='ocrx_word' id='word_1_78' title='bbox 477 907 618 945; x_wconf 85' lang='lat' dir='ltr'>regem</span> <span class='ocrx_word' id='word_1_79' title='bbox 642 894 900 945; x_wconf 86' lang='lat' dir='ltr'>inportunior</span> <span class='ocrx_word' id='word_1_80' title='bbox 921 909 1018 934; x_wconf 87' lang='lat' dir='ltr'>ense</span> 
     </span>
     <span class='ocr_line' id='line_1_20' title="bbox 224 959 1135 1010; baseline 0.002 -13"><span class='ocrx_word' id='word_1_81' title='bbox 224 959 374 1010; x_wconf 89' lang='lat' dir='ltr'>Inpetit</span> <span class='ocrx_word' id='word_1_82' title='bbox 395 967 435 998; x_wconf 93' lang='lat' dir='ltr'>et</span> <span class='ocrx_word' id='word_1_83' title='bbox 456 967 574 998; x_wconf 91' lang='lat' dir='ltr'>scuto</span> <span class='ocrx_word' id='word_1_84' title='bbox 594 959 741 998; x_wconf 87' lang='lat' dir='ltr'>dextra</span> <span class='ocrx_word' id='word_1_85' title='bbox 761 959 814 998; x_wconf 90' lang='lat' dir='ltr'>de</span> <span class='ocrx_word' id='word_1_86' title='bbox 835 969 950 1010; x_wconf 89' lang='lat' dir='ltr'>parte</span> <span class='ocrx_word' id='word_1_87' title='bbox 971 960 1135 999; x_wconf 89' lang='lat' dir='ltr'>reuulso</span> 
     </span>
     <span class='ocr_line' id='line_1_21' title="bbox 223 1023 1238 1075; baseline 0.002 -13"><span class='ocrx_word' id='word_1_88' title='bbox 223 1024 354 1063; x_wconf 88' lang='lat' dir='ltr'>Ictum</span> <span class='ocrx_word' id='word_1_89' title='bbox 376 1023 660 1075; x_wconf 91' lang='lat' dir='ltr'>praeualidum</span> <span class='ocrx_word' id='word_1_90' title='bbox 683 1037 731 1062; x_wconf 93' lang='grc'>30</span> <span class='ocrx_word' id='word_1_91' title='bbox 752 1023 985 1062; x_wconf 88' lang='lat' dir='ltr'>mirandum</span> <span class='ocrx_word' id='word_1_92' title='bbox 1008 1024 1099 1064; x_wconf 89' lang='lat' dir='ltr'>fecit</span> <span class='ocrx_word' id='word_1_93' title='bbox 1120 1025 1238 1075; x_wconf 88' lang='lat' dir='ltr'>eique</span> 
     </span>
    </p>
   </div>
   <div class='ocr_carea' id='block_1_15' title="bbox 220 1088 1431 1140">
    <p class='ocr_par' dir='ltr' id='par_1_16' title="bbox 220 1088 1431 1140">
     <span class='ocr_line' id='line_1_22' title="bbox 220 1088 1431 1140; baseline 0.001 -13"><span class='ocrx_word' id='word_1_94' title='bbox 220 1088 326 1128; x_wconf 88' lang='lat' dir='ltr'>Crus</span> <span class='ocrx_word' id='word_1_95' title='bbox 347 1101 439 1127; x_wconf 90' lang='grc'>011111</span> <span class='ocrx_word' id='word_1_96' title='bbox 462 1088 618 1139; x_wconf 89' lang='lat' dir='ltr'>poblite</span> <span class='ocrx_word' id='word_1_97' title='bbox 638 1088 691 1127; x_wconf 93' lang='lat' dir='ltr'>ad</span> <span class='ocrx_word' id='word_1_98' title='bbox 713 1100 844 1138; x_wconf 90' lang='lat' dir='ltr'>usque</span> <span class='ocrx_word' id='word_1_99' title='bbox 864 1088 997 1127; x_wconf 85' lang='lat' dir='ltr'>femur</span> <span class='ocrx_word' id='word_1_100' title='bbox 1016 1089 1277 1140; x_wconf 86' lang='lat' dir='ltr'>decerpserat</span> <span class='ocrx_word' id='word_1_101' title='bbox 1298 1104 1431 1129; x_wconf 85' lang='lat' dir='ltr'>omne.</span> 
     </span>
    </p>
   </div>
   <div class='ocr_carea' id='block_1_16' title="bbox 217 1153 1415 2749">
    <p class='ocr_par' dir='ltr' id='par_1_17' title="bbox 217 1153 1415 2749">
     <span class='ocr_line' id='line_1_23' title="bbox 223 1153 1386 1204; baseline 0.002 -13"><span class='ocrx_word' id='word_1_102' title='bbox 223 1153 295 1192; x_wconf 91' lang='lat' dir='ltr'>Ille</span> <span class='ocrx_word' id='word_1_103' title='bbox 315 1166 440 1204; x_wconf 89' lang='lat' dir='ltr'>super</span> <span class='ocrx_word' id='word_1_104' title='bbox 461 1166 648 1204; x_wconf 86' lang='lat' dir='ltr'>parmam</span> <span class='ocrx_word' id='word_1_105' title='bbox 670 1161 764 1192; x_wconf 89' lang='lat' dir='ltr'>ante</span> <span class='ocrx_word' id='word_1_106' title='bbox 785 1153 914 1204; x_wconf 89' lang='lat' dir='ltr'>pedes</span> <span class='ocrx_word' id='word_1_107' title='bbox 937 1167 1033 1192; x_wconf 84' lang='lat' dir='ltr'>mox</span> <span class='ocrx_word' id='word_1_108' title='bbox 1056 1154 1233 1194; x_wconf 87' lang='lat' dir='ltr'>concidit</span> <span class='ocrx_word' id='word_1_109' title='bbox 1255 1155 1386 1194; x_wconf 85' lang='lat' dir='ltr'>huius.</span> 
     </span>
     <span class='ocr_line' id='line_1_24' title="bbox 222 1217 1205 1267; baseline 0.001 -11"><span class='ocrx_word' id='word_1_110' title='bbox 222 1217 367 1257; x_wconf 89' lang='lat' dir='ltr'>Palluit</span> <span class='ocrx_word' id='word_1_111' title='bbox 388 1217 588 1267; x_wconf 72' lang='lat' dir='ltr'>exanguis</span> <span class='ocrx_word' id='word_1_112' title='bbox 609 1217 780 1257; x_wconf 89' lang='lat' dir='ltr'>domino</span> <span class='ocrx_word' id='word_1_113' title='bbox 803 1218 1010 1257; x_wconf 87' lang='lat' dir='ltr'>recidente</span> <span class='ocrx_word' id='word_1_114' title='bbox 1030 1219 1205 1258; x_wconf 89' lang='lat' dir='ltr'>satelles.</span> 
     </span>
     <span class='ocr_line' id='line_1_25' title="bbox 220 1282 1220 1333; baseline 0.001 -13"><span class='ocrx_word' id='word_1_115' title='bbox 220 1282 473 1333; x_wconf 89' lang='lat' dir='ltr'>Alpharides</span> <span class='ocrx_word' id='word_1_116' title='bbox 493 1290 654 1333; x_wconf 86' lang='lat' dir='ltr'>spatam</span> <span class='ocrx_word' id='word_1_117' title='bbox 676 1283 824 1321; x_wconf 89' lang='lat' dir='ltr'>tollens</span> <span class='ocrx_word' id='word_1_118' title='bbox 845 1282 990 1322; x_wconf 89' lang='lat' dir='ltr'>iterato</span> <span class='ocrx_word' id='word_1_119' title='bbox 1011 1293 1220 1322; x_wconf 84' lang='lat' dir='ltr'>cruentam</span> 
     </span>
     <span class='ocr_line' id='line_1_26' title="bbox 219 1347 1212 1399; baseline 0 -13"><span class='ocrx_word' id='word_1_120' title='bbox 219 1347 407 1386; x_wconf 85' lang='lat' dir='ltr'>Ardebat</span> <span class='ocrx_word' id='word_1_121' title='bbox 428 1348 544 1398; x_wconf 88' lang='lat' dir='ltr'>lapso</span> <span class='ocrx_word' id='word_1_122' title='bbox 565 1355 820 1398; x_wconf 88' lang='lat' dir='ltr'>postremum</span> <span class='ocrx_word' id='word_1_123' title='bbox 844 1347 1030 1399; x_wconf 86' lang='lat' dir='ltr'>infligere</span> <span class='ocrx_word' id='word_1_124' title='bbox 1052 1349 1212 1386; x_wconf 86' lang='lat' dir='ltr'>uulnus.</span> 
     </span>
     <span class='ocr_line' id='line_1_27' title="bbox 221 1410 1249 1462; baseline 0 -13"><span class='ocrx_word' id='word_1_125' title='bbox 221 1411 433 1449; x_wconf 86' lang='lat' dir='ltr'>Inmemor</span> <span class='ocrx_word' id='word_1_126' title='bbox 452 1419 493 1449; x_wconf 86' lang='lat' dir='ltr'>at</span> <span class='ocrx_word' id='word_1_127' title='bbox 509 1410 663 1462; x_wconf 90' lang='lat' dir='ltr'>proprii</span> <span class='ocrx_word' id='word_1_128' title='bbox 687 1411 868 1461; x_wconf 84' lang='lat' dir='ltr'>Hagano</span> <span class='ocrx_word' id='word_1_129' title='bbox 890 1411 951 1448; x_wconf 91' lang='lat' dir='ltr'>uir</span> <span class='ocrx_word' id='word_1_130' title='bbox 972 1410 1073 1450; x_wconf 88' lang='lat' dir='ltr'>forte</span> <span class='ocrx_word' id='word_1_131' title='bbox 1094 1411 1249 1450; x_wconf 85' lang='lat' dir='ltr'>doloris</span> 
     </span>
     <span class='ocr_line' id='line_1_28' title="bbox 220 1475 1187 1526; baseline 0.001 -13"><span class='ocrx_word' id='word_1_132' title='bbox 220 1476 419 1514; x_wconf 89' lang='lat' dir='ltr'>Aeratum</span> <span class='ocrx_word' id='word_1_133' title='bbox 443 1484 567 1526; x_wconf 88' lang='lat' dir='ltr'>caput</span> <span class='ocrx_word' id='word_1_134' title='bbox 588 1475 784 1514; x_wconf 86' lang='lat' dir='ltr'>inclinans</span> <span class='ocrx_word' id='word_1_135' title='bbox 806 1475 956 1514; x_wconf 90' lang='lat' dir='ltr'>obiecit</span> <span class='ocrx_word' id='word_1_136' title='bbox 976 1476 1028 1514; x_wconf 88' lang='lat' dir='ltr'>ad</span> <span class='ocrx_word' id='word_1_137' title='bbox 1050 1475 1187 1514; x_wconf 90' lang='lat' dir='ltr'>ictum.</span> 
     </span>
     <span class='ocr_line' id='line_1_29' title="bbox 222 1540 1321 1590; baseline 0 -11"><span class='ocrx_word' id='word_1_138' title='bbox 222 1541 448 1579; x_wconf 88' lang='lat' dir='ltr'>Extensam</span> <span class='ocrx_word' id='word_1_139' title='bbox 470 1540 665 1579; x_wconf 88' lang='lat' dir='ltr'>cohibere</span> <span class='ocrx_word' id='word_1_140' title='bbox 687 1554 852 1578; x_wconf 88' lang='lat' dir='ltr'>manum</span> <span class='ocrx_word' id='word_1_141' title='bbox 875 1554 956 1579; x_wconf 91' lang='lat' dir='ltr'>non</span> <span class='ocrx_word' id='word_1_142' title='bbox 978 1541 1168 1590; x_wconf 89' lang='lat' dir='ltr'>quiuerat</span> <span class='ocrx_word' id='word_1_143' title='bbox 1189 1541 1321 1580; x_wconf 82' lang='lat' dir='ltr'>heros.</span> 
     </span>
     <span class='ocr_line' id='line_1_30' title="bbox 218 1604 1214 1656; baseline -0.002 -12"><span class='ocrx_word' id='word_1_144' title='bbox 218 1605 302 1644; x_wconf 87' lang='lat' dir='ltr'>Sed</span> <span class='ocrx_word' id='word_1_145' title='bbox 325 1604 450 1644; x_wconf 88' lang='lat' dir='ltr'>cassis</span> <span class='ocrx_word' id='word_1_146' title='bbox 470 1604 687 1644; x_wconf 89' lang='lat' dir='ltr'>fabrefacta</span> <span class='ocrx_word' id='word_1_147' title='bbox 707 1604 778 1643; x_wconf 89' lang='lat' dir='ltr'>diu</span> <span class='ocrx_word' id='word_1_148' title='bbox 801 1605 1030 1655; x_wconf 86' lang='lat' dir='ltr'>meliusque</span> <span class='ocrx_word' id='word_1_149' title='bbox 1051 1614 1214 1656; x_wconf 86' lang='lat' dir='ltr'>peracta</span> 
     </span>
     <span class='ocr_line' id='line_1_31' title="bbox 221 1669 1215 1721; baseline 0.002 -13"><span class='ocrx_word' id='word_1_150' title='bbox 221 1669 386 1721; x_wconf 86' lang='lat' dir='ltr'>Excipit</span> <span class='ocrx_word' id='word_1_151' title='bbox 406 1669 603 1708; x_wconf 88' lang='lat' dir='ltr'>assultum</span> <span class='ocrx_word' id='word_1_152' title='bbox 626 1683 724 1708; x_wconf 83' lang='lat' dir='ltr'>mox</span> <span class='ocrx_word' id='word_1_153' title='bbox 746 1678 786 1708; x_wconf 88' lang='lat' dir='ltr'>et</span> <span class='ocrx_word' id='word_1_154' title='bbox 805 1669 996 1708; x_wconf 86' lang='lat' dir='ltr'>scintillat</span> <span class='ocrx_word' id='word_1_155' title='bbox 1016 1669 1056 1707; x_wconf 90' lang='lat' dir='ltr'>in</span> <span class='ocrx_word' id='word_1_156' title='bbox 1076 1670 1215 1710; x_wconf 77' lang='lat' dir='ltr'>altum.</span> 
     </span>
     <span class='ocr_line' id='line_1_32' title="bbox 217 1733 1084 1785; baseline -0.001 -12"><span class='ocrx_word' id='word_1_157' title='bbox 217 1734 345 1774; x_wconf 83' lang='lat' dir='ltr'>Cuius</span> <span class='ocrx_word' id='word_1_158' title='bbox 365 1734 517 1773; x_wconf 88' lang='lat' dir='ltr'>duritia</span> <span class='ocrx_word' id='word_1_159' title='bbox 537 1733 790 1785; x_wconf 87' lang='lat' dir='ltr'>stupefactus</span> <span class='ocrx_word' id='word_1_160' title='bbox 811 1734 955 1773; x_wconf 87' lang='lat' dir='ltr'>dissilit</span> <span class='ocrx_word' id='word_1_161' title='bbox 977 1734 1084 1773; x_wconf 88' lang='lat' dir='ltr'>ensis</span> 
     </span>
     <span class='ocr_line' id='line_1_33' title="bbox 220 1796 1415 1848; baseline -0.001 -12"><span class='ocrx_word' id='word_1_162' title='bbox 220 1797 328 1836; x_wconf 91' lang='lat' dir='ltr'>Proh</span> <span class='ocrx_word' id='word_1_163' title='bbox 350 1797 471 1836; x_wconf 91' lang='lat' dir='ltr'>dolor</span> <span class='ocrx_word' id='word_1_164' title='bbox 490 1806 531 1836; x_wconf 90' lang='lat' dir='ltr'>et</span> <span class='ocrx_word' id='word_1_165' title='bbox 551 1797 758 1848; x_wconf 88' lang='lat' dir='ltr'>crepitans</span> <span class='ocrx_word' id='word_1_166' title='bbox 779 1797 927 1848; x_wconf 88' lang='lat' dir='ltr'>partim</span> <span class='ocrx_word' id='word_1_167' title='bbox 951 1797 1074 1836; x_wconf 89' lang='lat' dir='ltr'>micat</span> <span class='ocrx_word' id='word_1_168' title='bbox 1094 1810 1188 1835; x_wconf 90' lang='lat' dir='ltr'>aere</span> <span class='ocrx_word' id='word_1_169' title='bbox 1209 1805 1247 1835; x_wconf 91' lang='lat' dir='ltr'>et</span> <span class='ocrx_word' id='word_1_170' title='bbox 1269 1796 1415 1835; x_wconf 86' lang='lat' dir='ltr'>herbis.</span> 
     </span>
     <span class='ocr_line' id='line_1_34' title="bbox 273 1861 1300 1913; baseline -0.002 -12"><span class='ocrx_word' id='word_1_171' title='bbox 273 1862 452 1913; x_wconf 85' lang='lat' dir='ltr'>Belliger</span> <span class='ocrx_word' id='word_1_172' title='bbox 472 1870 516 1901; x_wconf 91' lang='lat' dir='ltr'>ut</span> <span class='ocrx_word' id='word_1_173' title='bbox 536 1862 713 1900; x_wconf 89' lang='lat' dir='ltr'>frameae</span> <span class='ocrx_word' id='word_1_174' title='bbox 736 1870 941 1900; x_wconf 78' lang='lat' dir='ltr'>muscatae</span> <span class='ocrx_word' id='word_1_175' title='bbox 962 1861 1165 1912; x_wconf 81' lang='lat' dir='ltr'>fragmina</span> <span class='ocrx_word' id='word_1_176' title='bbox 1187 1861 1300 1904; x_wconf 83' lang='lat' dir='ltr'>uidit,</span> 
     </span>
     <span class='ocr_line' id='line_1_35' title="bbox 219 1925 1080 1978; baseline -0.001 -13"><span class='ocrx_word' id='word_1_177' title='bbox 219 1926 396 1978; x_wconf 83' lang='lat' dir='ltr'>Indigne</span> <span class='ocrx_word' id='word_1_178' title='bbox 415 1926 507 1966; x_wconf 88' lang='lat' dir='ltr'>tulit</span> <span class='ocrx_word' id='word_1_179' title='bbox 526 1940 574 1965; x_wconf 89' lang='lat' dir='ltr'>ac</span> <span class='ocrx_word' id='word_1_180' title='bbox 595 1926 714 1964; x_wconf 89' lang='lat' dir='ltr'>nimia</span> <span class='ocrx_word' id='word_1_181' title='bbox 738 1925 832 1965; x_wconf 87' lang='lat' dir='ltr'>furit</span> <span class='ocrx_word' id='word_1_182' title='bbox 853 1925 1002 1964; x_wconf 84' lang='lat' dir='ltr'>efferus</span> <span class='ocrx_word' id='word_1_183' title='bbox 1023 1925 1080 1964; x_wconf 90' lang='lat' dir='ltr'>ira</span> 
     </span>
     <span class='ocr_line' id='line_1_36' title="bbox 219 1990 1248 2042; baseline 0.002 -13"><span class='ocrx_word' id='word_1_184' title='bbox 219 1991 511 2042; x_wconf 78' lang='lat' dir='ltr'>Impatiensque</span> <span class='ocrx_word' id='word_1_185' title='bbox 531 1990 592 2029; x_wconf 90' lang='lat' dir='ltr'>sui</span> <span class='ocrx_word' id='word_1_186' title='bbox 614 1991 807 2042; x_wconf 85' lang='lat' dir='ltr'>capulum</span> <span class='ocrx_word' id='word_1_187' title='bbox 829 1990 916 2029; x_wconf 91' lang='lat' dir='ltr'>sine</span> <span class='ocrx_word' id='word_1_188' title='bbox 938 1991 1123 2042; x_wconf 90' lang='lat' dir='ltr'>pondere</span> <span class='ocrx_word' id='word_1_189' title='bbox 1144 1990 1248 2031; x_wconf 84' lang='lat' dir='ltr'>ferri.</span> 
     </span>
     <span class='ocr_line' id='line_1_37' title="bbox 219 2055 1238 2107; baseline 0.002 -13"><span class='ocrx_word' id='word_1_190' title='bbox 219 2055 459 2107; x_wconf 83' lang='lat' dir='ltr'>Quamlibet</span> <span class='ocrx_word' id='word_1_191' title='bbox 479 2055 632 2095; x_wconf 88' lang='lat' dir='ltr'>eximio</span> <span class='ocrx_word' id='word_1_192' title='bbox 649 2064 875 2107; x_wconf 88' lang='lat' dir='ltr'>praestaret</span> <span class='ocrx_word' id='word_1_193' title='bbox 896 2064 935 2094; x_wconf 91' lang='lat' dir='ltr'>et</span> <span class='ocrx_word' id='word_1_194' title='bbox 955 2064 1041 2094; x_wconf 85' lang='lat' dir='ltr'>arte</span> <span class='ocrx_word' id='word_1_195' title='bbox 1063 2055 1238 2096; x_wconf 85' lang='lat' dir='ltr'>metallo.</span> 
     </span>
     <span class='ocr_line' id='line_1_38' title="bbox 221 2115 1281 2170; baseline -0.002 -11"><span class='ocrx_word' id='word_1_196' title='bbox 221 2121 410 2160; x_wconf 88' lang='lat' dir='ltr'>Protinus</span> <span class='ocrx_word' id='word_1_197' title='bbox 430 2115 578 2159; x_wconf 85' lang='lat' dir='ltr'>abiecit</span> <span class='ocrx_word' id='word_1_198' title='bbox 599 2120 936 2170; x_wconf 89' lang='lat' dir='ltr'>monimentaque</span> <span class='ocrx_word' id='word_1_199' title='bbox 957 2119 1084 2159; x_wconf 89' lang='lat' dir='ltr'>tristia</span> <span class='ocrx_word' id='word_1_200' title='bbox 1104 2119 1281 2170; x_wconf 86' lang='lat' dir='ltr'>spreuit:</span> 
     </span>
     <span class='ocr_line' id='line_1_39' title="bbox 217 2184 1334 2236; baseline -0.002 -12"><span class='ocrx_word' id='word_1_201' title='bbox 217 2185 299 2236; x_wconf 82' lang='lat' dir='ltr'>Qui</span> <span class='ocrx_word' id='word_1_202' title='bbox 321 2185 420 2224; x_wconf 89' lang='lat' dir='ltr'>dum</span> <span class='ocrx_word' id='word_1_203' title='bbox 443 2184 546 2224; x_wconf 87' lang='lat' dir='ltr'>sorte</span> <span class='ocrx_word' id='word_1_204' title='bbox 563 2198 730 2223; x_wconf 89' lang='lat' dir='ltr'>manum</span> <span class='ocrx_word' id='word_1_205' title='bbox 753 2184 832 2223; x_wconf 90' lang='lat' dir='ltr'>iam</span> <span class='ocrx_word' id='word_1_206' title='bbox 855 2184 1077 2223; x_wconf 84' lang='lat' dir='ltr'>enormiter</span> <span class='ocrx_word' id='word_1_207' title='bbox 1098 2184 1334 2227; x_wconf 83' lang='lat' dir='ltr'>exeruisset,</span> 
     </span>
     <span class='ocr_line' id='line_1_40' title="bbox 218 2247 1381 2299; baseline -0.003 -12"><span class='ocrx_word' id='word_1_208' title='bbox 218 2248 401 2287; x_wconf 88' lang='lat' dir='ltr'>Abstulit</span> <span class='ocrx_word' id='word_1_209' title='bbox 421 2248 526 2286; x_wconf 88' lang='lat' dir='ltr'>hanc</span> <span class='ocrx_word' id='word_1_210' title='bbox 551 2249 732 2299; x_wconf 89' lang='lat' dir='ltr'>Hagano</span> <span class='ocrx_word' id='word_1_211' title='bbox 752 2255 815 2286; x_wconf 88' lang='lat' dir='ltr'>sat</span> <span class='ocrx_word' id='word_1_212' title='bbox 835 2248 964 2286; x_wconf 88' lang='lat' dir='ltr'>laetus</span> <span class='ocrx_word' id='word_1_213' title='bbox 986 2247 1154 2285; x_wconf 90' lang='lat' dir='ltr'>uulnere</span> <span class='ocrx_word' id='word_1_214' title='bbox 1175 2255 1381 2297; x_wconf 86' lang='lat' dir='ltr'>prompto.</span> 
     </span>
     <span class='ocr_line' id='line_1_41' title="bbox 221 2311 1134 2352; baseline -0.002 -1"><span class='ocrx_word' id='word_1_215' title='bbox 221 2313 267 2351; x_wconf 94' lang='lat' dir='ltr'>In</span> <span class='ocrx_word' id='word_1_216' title='bbox 288 2312 426 2352; x_wconf 90' lang='lat' dir='ltr'>medio</span> <span class='ocrx_word' id='word_1_217' title='bbox 448 2312 577 2352; x_wconf 90' lang='lat' dir='ltr'>iactus</span> <span class='ocrx_word' id='word_1_218' title='bbox 598 2312 810 2351; x_wconf 89' lang='lat' dir='ltr'>recidebat</span> <span class='ocrx_word' id='word_1_219' title='bbox 831 2312 1001 2350; x_wconf 86' lang='lat' dir='ltr'>dextera</span> <span class='ocrx_word' id='word_1_220' title='bbox 1022 2311 1134 2350; x_wconf 84' lang='lat' dir='ltr'>fortis</span> 
     </span>
     <span class='ocr_line' id='line_1_42' title="bbox 219 2375 1266 2428; baseline 0 -12"><span class='ocrx_word' id='word_1_221' title='bbox 219 2377 423 2416; x_wconf 86' lang='lat' dir='ltr'>Gentibus</span> <span class='ocrx_word' id='word_1_222' title='bbox 443 2390 491 2415; x_wconf 90' lang='grc'>30</span> <span class='ocrx_word' id='word_1_223' title='bbox 511 2376 677 2428; x_wconf 90' lang='lat' dir='ltr'>populis</span> <span class='ocrx_word' id='word_1_224' title='bbox 698 2376 836 2415; x_wconf 86' lang='lat' dir='ltr'>multis</span> <span class='ocrx_word' id='word_1_225' title='bbox 857 2384 1048 2427; x_wconf 89' lang='lat' dir='ltr'>suspecta</span> <span class='ocrx_word' id='word_1_226' title='bbox 1069 2375 1266 2426; x_wconf 76' lang='lat' dir='ltr'>tyrannis.</span> 
     </span>
     <span class='ocr_line' id='line_1_43' title="bbox 221 2439 1242 2490; baseline -0.002 -10"><span class='ocrx_word' id='word_1_227' title='bbox 221 2441 594 2480; x_wconf 89' lang='lat' dir='ltr'>Innumerabilibus</span> <span class='ocrx_word' id='word_1_228' title='bbox 616 2453 722 2490; x_wconf 87' lang='lat' dir='ltr'>quae</span> <span class='ocrx_word' id='word_1_229' title='bbox 744 2440 910 2479; x_wconf 84' lang='lat' dir='ltr'>fulserat</span> <span class='ocrx_word' id='word_1_230' title='bbox 931 2449 1025 2479; x_wconf 89' lang='lat' dir='ltr'>ante</span> <span class='ocrx_word' id='word_1_231' title='bbox 1046 2439 1242 2490; x_wconf 86' lang='lat' dir='ltr'>tropheis.</span> 
     </span>
     <span class='ocr_line' id='line_1_44' title="bbox 219 2504 1255 2557; baseline -0.001 -12"><span class='ocrx_word' id='word_1_232' title='bbox 219 2506 304 2545; x_wconf 86' lang='lat' dir='ltr'>Sed</span> <span class='ocrx_word' id='word_1_233' title='bbox 326 2505 388 2544; x_wconf 90' lang='lat' dir='ltr'>uir</span> <span class='ocrx_word' id='word_1_234' title='bbox 407 2505 654 2557; x_wconf 88' lang='lat' dir='ltr'>praecipuus</span> <span class='ocrx_word' id='word_1_235' title='bbox 676 2518 751 2543; x_wconf 90' lang='lat' dir='ltr'>nec</span> <span class='ocrx_word' id='word_1_236' title='bbox 771 2504 899 2543; x_wconf 89' lang='lat' dir='ltr'>laeuis</span> <span class='ocrx_word' id='word_1_237' title='bbox 920 2505 1069 2543; x_wconf 89' lang='lat' dir='ltr'>cedere</span> <span class='ocrx_word' id='word_1_238' title='bbox 1089 2517 1255 2555; x_wconf 68' lang='lat' dir='ltr'>gnarus,</span> 
     </span>
     <span class='ocr_line' id='line_1_45' title="bbox 219 2568 1212 2621; baseline -0.002 -13"><span class='ocrx_word' id='word_1_239' title='bbox 219 2570 329 2609; x_wconf 87' lang='lat' dir='ltr'>Sana</span> <span class='ocrx_word' id='word_1_240' title='bbox 350 2578 489 2609; x_wconf 89' lang='lat' dir='ltr'>mente</span> <span class='ocrx_word' id='word_1_241' title='bbox 509 2578 657 2621; x_wconf 87' lang='lat' dir='ltr'>potens</span> <span class='ocrx_word' id='word_1_242' title='bbox 678 2569 810 2608; x_wconf 89' lang='grc'>0311115</span> <span class='ocrx_word' id='word_1_243' title='bbox 830 2582 1026 2620; x_wconf 90' lang='lat' dir='ltr'>superare</span> <span class='ocrx_word' id='word_1_244' title='bbox 1047 2568 1212 2607; x_wconf 91' lang='lat' dir='ltr'>dolores</span> 
     </span>
     <span class='ocr_line' id='line_1_46' title="bbox 220 2632 1204 2685; baseline -0.001 -12"><span class='ocrx_word' id='word_1_245' title='bbox 220 2635 314 2673; x_wconf 93' lang='lat' dir='ltr'>Non</span> <span class='ocrx_word' id='word_1_246' title='bbox 336 2633 572 2685; x_wconf 88' lang='lat' dir='ltr'>desperauit</span> <span class='ocrx_word' id='word_1_247' title='bbox 593 2645 727 2684; x_wconf 89' lang='lat' dir='ltr'>neque</span> <span class='ocrx_word' id='word_1_248' title='bbox 748 2634 884 2672; x_wconf 90' lang='lat' dir='ltr'>uultus</span> <span class='ocrx_word' id='word_1_249' title='bbox 906 2633 1086 2672; x_wconf 90' lang='lat' dir='ltr'>concidit</span> <span class='ocrx_word' id='word_1_250' title='bbox 1106 2632 1204 2672; x_wconf 76' lang='grc'>01115,</span> 
     </span>
     <span class='ocr_line' id='line_1_47' title="bbox 219 2697 1258 2749; baseline -0.004 -12"><span class='ocrx_word' id='word_1_251' title='bbox 219 2699 375 2738; x_wconf 89' lang='lat' dir='ltr'>Uerum</span> <span class='ocrx_word' id='word_1_252' title='bbox 398 2698 657 2749; x_wconf 84' lang='lat' dir='ltr'>uulnigeram</span> <span class='ocrx_word' id='word_1_253' title='bbox 680 2698 813 2749; x_wconf 89' lang='lat' dir='ltr'>clipeo</span> <span class='ocrx_word' id='word_1_254' title='bbox 835 2697 1101 2737; x_wconf 86' lang='lat' dir='ltr'>insertauerat</span> <span class='ocrx_word' id='word_1_255' title='bbox 1124 2697 1258 2734; x_wconf 88' lang='lat' dir='ltr'>ulnam</span> 
     </span>
    </p>
   </div>
   <div class='ocr_carea' id='block_1_17' title="bbox 105 2774 1550 2834">
    <p class='ocr_par' dir='ltr' id='par_1_18' title="bbox 105 2774 1550 2834">
     <span class='ocr_line' id='line_1_48' title="bbox 105 2774 1550 2834; baseline -0.005 -10"><span class='ocrx_word' id='word_1_256' title='bbox 105 2801 189 2833; x_wconf 85' lang='lat'>1354</span> <span class='ocrx_word' id='word_1_257' title='bbox 204 2791 242 2824; x_wconf 89' lang='lat' dir='ltr'>in</span> <span class='ocrx_word' id='word_1_258' title='bbox 259 2775 478 2834; x_wconf 36' lang='lat' dir='ltr'>corporee]</span> <span class='ocrx_word' id='word_1_259' title='bbox 532 2775 614 2833; x_wconf 73' lang='grc'>1359</span> <span class='ocrx_word' id='word_1_260' title='bbox 631 2774 1044 2833; x_wconf 55' lang='lat' dir='ltr'>procinctusP-137S</span> <span class='ocrx_word' id='word_1_261' title='bbox 1071 2789 1351 2831; x_wconf 69' lang='lat' dir='ltr'>impatiensque</span> <span class='ocrx_word' id='word_1_262' title='bbox 1380 2787 1550 2827; x_wconf 61' lang='lat' dir='ltr'>P.—13ts&#39;5</span> 
     </span>
    </p>
   </div>
   <div class='ocr_carea' id='block_1_18' title="bbox 58 2846 311 2888">
    <p class='ocr_par' dir='ltr' id='par_1_19' title="bbox 58 2846 311 2888">
     <span class='ocr_line' id='line_1_49' title="bbox 58 2846 311 2888; baseline 0.004 -9"><span class='ocrx_word' id='word_1_263' title='bbox 58 2846 253 2888; x_wconf 87' lang='lat' dir='ltr'>trophaeis</span> <span class='ocrx_word' id='word_1_264' title='bbox 273 2847 311 2880; x_wconf 93' lang='lat' dir='ltr'>P.</span> 
     </span>
    </p>
   </div>
   <div class='ocr_carea' id='block_1_19' title="bbox 1503 229 1543 263">
    <p class='ocr_par' dir='ltr' id='par_1_20' title="bbox 1503 229 1543 263">
     <span class='ocr_line' id='line_1_50' title="bbox 1503 229 1543 263; baseline 0 -9"><span class='ocrx_word' id='word_1_265' title='bbox 1503 229 1543 263; x_wconf 79' lang='lat'>4¹</span> 
     </span>
    </p>
   </div>
   <div class='ocr_carea' id='block_1_20' title="bbox 1536 1077 1539 1093">
    <p class='ocr_par' dir='ltr' id='par_1_21' title="bbox 1536 1077 1539 1093">
     <span class='ocr_line' id='line_1_51' title="bbox 1536 1077 1539 1093; baseline 0 0"><span class='ocrx_word' id='word_1_266' title='bbox 1536 1077 1539 1093; x_wconf 66' lang='lat'><em>0</em></span> 
     </span>
    </p>
   </div>
   <div class='ocr_carea' id='block_1_21' title="bbox 1462 1103 1598 1131">
    <p class='ocr_par' dir='ltr' id='par_1_22' title="bbox 1462 1103 1598 1131">
     <span class='ocr_line' id='line_1_52' title="bbox 1462 1103 1598 1131; baseline 0.007 -8"><span class='ocrx_word' id='word_1_267' title='bbox 1462 1110 1489 1117; x_wconf 42' lang='grc' dir='ltr'><em>ν</em></span> <span class='ocrx_word' id='word_1_268' title='bbox 1517 1103 1598 1131; x_wconf 46' lang='grc' dir='ltr'>,μη</span> 
     </span>
    </p>
   </div>
  </div>
 </body>
</html>
