1909 3279
738 228 849 262 WAL
865 227 1018 260 THER
1047 227 1120 260 OF
1138 226 1484 267 AQUJTAJNE.

522 336 700 375 Nomine
722 335 997 374 Waltharium
1020 334 1208 385 primeuo
1230 334 1329 372 flore
1350 333 1560 372 nitentem.

415 406 465 441 80
523 403 631 439 Nam
653 399 937 439 iusiurandum
963 399 1176 437 Heriricus
1198 406 1238 437 et
1259 398 1444 449 Alphere
1465 411 1586 449 reges

523 467 633 504 Inter
652 478 696 503 se
717 464 930 510 dederant,
953 477 1105 514 pueros
1127 462 1241 514 quod
1262 462 1558 508 consociarent,

522 530 627 569 Cum
650 529 827 580 primum
848 536 1014 579 tempus
1035 527 1218 566 nubendi
1239 526 1398 566 uenerit
1418 527 1505 565 illis.

524 594 603 633 Hic
624 593 693 631 ubi
714 592 912 644 cognouit
931 600 1077 643 gentes
1099 592 1172 630 has
1194 605 1283 630 esse
1304 592 1505 637 domatas,

522 659 729 709 Coeperat
749 657 905 707 ingenti
926 657 1061 695 cordis
1081 656 1289 707 trepidare
1311 669 1478 707 pauore.

417 728 464 774 85
523 724 561 761 N
566 736 611 761 ec
632 722 710 760 iam
733 735 828 772 spes
849 721 979 760 fuerat
998 720 1133 760 saeuis
1155 720 1368 759 defendier
1387 720 1522 759 armis.

525 791 531 805 ‘
549 786 662 837 Quid
683 787 914 825 cessemus’
937 785 1002 832 ait,
1026 785 1081 823 ‘si
1103 785 1209 823 bella
1229 798 1399 823 mouere
1420 784 1667 835 nequimus?

523 851 773 902 Exemplum
795 850 912 889 nobis
935 850 1187 900 Burgundia,
1212 850 1384 888 Francia
1405 849 1572 889 donant.

523 918 618 956 Non
638 916 884 961 incusamur,
907 915 940 954 si
961 915 1109 954 talibus
1130 915 1461 966 aequiperamur.

524 982 706 1032 Legatus
727 980 845 1019 mitto
866 980 1097 1030 foedusque
1118 979 1236 1018 ferire
1257 979 1409 1018 iubebo

415 1060 466 1095 90
521 1045 690 1085 Obsidis
711 1045 835 1095 inque
856 1044 987 1082 uicem
1010 1043 1203 1082 dilectum
1227 1043 1398 1094 porrigo
1419 1052 1557 1083 natum

522 1111 575 1149 Et
595 1110 675 1148 iarn
706 1122 814 1147 nunc
837 1108 972 1147 Hunis
993 1121 1161 1146 censum
1184 1108 1379 1159 persoluo
1400 1108 1607 1148 futurum.‘

520 1174 605 1214 Sed
627 1173 728 1225 quid
749 1174 841 1224 plus
862 1172 1074 1211 remorer?
1105 1172 1259 1211 dictum
1283 1173 1568 1224 compleuerat
1587 1173 1698 1212 actis.

522 1240 639 1277 Tunc
661 1239 822 1276 Auares
843 1237 956 1288 gazis
978 1236 1135 1275 onerati
1155 1237 1335 1288 denique
1357 1237 1495 1276 multis

521 1303 749 1344 Obsidibus
769 1302 945 1353 sumptis
969 1302 1203 1353 Haganone
1228 1302 1458 1353 Hiltgunde
1479 1303 1615 1353 puella

414 1380 463 1417 95
522 1368 609 1405 Nec
630 1380 714 1404 non
736 1365 970 1404 Walthario
991 1364 1202 1403 redierunt
1222 1373 1389 1416 pectore
1409 1365 1530 1404 laeto.

573 1431 702 1470 Attila
724 1429 956 1468 Pannonias
976 1429 1188 1480 ingressus
1209 1437 1250 1468 et
1270 1430 1371 1468 urbe
1392 1438 1583 1481 receptus

521 1495 723 1534 Exulibus
744 1494 881 1546 pueris
903 1507 1098 1544 magnam
1121 1494 1307 1533 exhibuit
1337 1494 1531 1545 pietatem

520 1561 583 1599 Ac
604 1559 730 1598 ueluti
750 1558 943 1610 proprios
965 1558 1118 1597 nutrire
1139 1558 1308 1598 iubebat
1329 1559 1517 1598 heredes.

520 1614 726 1675 [Uirginis
748 1631 788 1662 et
808 1637 948 1661 curam
970 1623 1155 1674 reginam
1177 1623 1348 1662 mandat
1369 1624 1555 1673 habere]

392 1703 464 1729 1oo
520 1690 598 1728 Ast
618 1689 904 1727 adolescentes
925 1687 1101 1738 propriis
1123 1687 1415 1738 conspectibus
1435 1689 1584 1727 ambos

518 1754 694 1804 Semper
713 1752 860 1790 adesse
882 1751 1004 1798 iubet,
1026 1752 1100 1790 sed
1122 1760 1162 1790 et
1182 1752 1337 1791 artibus
1358 1752 1503 1792 imbuit
1523 1753 1612 1792 illos

521 1814 877 1866 Praesertimque
869 1814 967 1853 10615
989 1814 1082 1853 belli
1103 1815 1180 1853 sub
1202 1823 1391 1866 tempore
1413 1815 1626 1855 habendis.

472 1876 515 1937 f
521 1880 603 1931 Qui
624 1879 773 1919 simul
765 1879 933 1930 ingenio
954 1887 1184 1918 crescentes
1206 1880 1353 1918 mentis
1375 1888 1415 1919 et
1434 1894 1540 1919 aeuo

520 1945 691 1984 Robore
713 1944 934 1982 uincebant
954 1943 1078 1982 fortes
1099 1943 1334 1995 animoque
1343 1945 1563 1996 sophistas,

392 2008 465 2060 105
521 2009 696 2048 Donec
689 2022 768 2046 iam
790 2016 959 2047 cunctos
980 2016 1223 2059 superarent
1243 2009 1400 2048 fortiter
1423 2010 1583 2049 Hunos.

520 2073 690 2113 Militiae
712 2073 867 2124 primos
887 2081 984 2112 tunc
1002 2073 1130 2112 Attila
1150 2073 1300 2113 fecerat
1321 2074 1422 2120 illos,

519 2138 603 2178 Sed
625 2137 737 2175 haud
758 2137 960 2184 inmerito,
983 2137 1192 2187 quoniam,
1215 2138 1247 2176 si
1269 2139 1439 2189 quando
1459 2149 1648 2178 moueret

521 2203 645 2248 Bella,
669 2215 743 2253 per
763 2201 943 2252 insignes
965 2201 1028 2240 isti
1045 2202 1226 2241 micuere
1247 2203 1494 2254 triumphos.

522 2266 766 2317 Idcircoque
786 2266 906 2304 nimis
928 2267 1118 2318 princeps
1139 2267 1339 2306 dilexerat
1359 2268 1516 2307 ambos.

393 2347 405 2371 1
419 2346 464 2371 1o
521 2331 654 2382 Uirgo
675 2330 796 2369 etiam
819 2330 981 2381 captiua
1003 2331 1084 2369 deo
1106 2340 1339 2382 praestante
1359 2346 1557 2383 supremo

521 2395 711 2446 Reginae
731 2395 890 2433 uultum
913 2395 1088 2445 placauit
1110 2403 1150 2434 et
1170 2396 1283 2435 auxit
1304 2410 1487 2435 amorem

520 2459 708 2498 Moribus
729 2458 889 2497 eximiis
910 2472 1171 2510 operumque
1193 2460 1391 2499 industria
1412 2461 1670 2501 habundans.

521 2525 778 2562 Postremum
801 2530 939 2562 custos
961 2523 1163 2563 thesauris
1185 2524 1361 2576 prouida
1383 2525 1539 2564 cunctis

521 2587 706 2626 Efficitur
727 2586 1023 2637 modicumque
1044 2588 1172 2634 deest,
1195 2589 1295 2639 quin
1316 2598 1462 2640 regnet
1482 2598 1522 2629 et
1542 2590 1642 2642 ipsa,

393 2667 462 2704 115
521 2653 627 2691 Nam
649 2651 848 2703 quicquid
870 2651 1011 2698 uoluit,
1034 2653 1087 2690 de
1109 2653 1230 2691 rebus
1252 2653 1345 2693 fecit
1366 2662 1405 2693 et
1425 2654 1537 2693 actis.

574 2717 734 2755 Interea
756 2715 933 2755 Gibicho
955 2716 1191 2766 defungitur
1212 2717 1384 2769 ipseque
1405 2732 1537 2769 regno

519 2780 774 2820 Guntharius
795 2780 991 2819 successit
1012 2789 1051 2819 et
1071 2781 1162 2820 ilico
1186 2782 1490 2822 Pannoniarum

402 2859 449 2917 79⁷⁷
461 2858 658 2916 primaeuo
678 2856 833 2915 {³.—10§
846 2857 931 2906 illos
951 2857 990 2906 ΙΞ
