1909 3279
432 155 544 188 liz-ll,
558 155 710 188 Tlllsle
741 156 813 189 OF
832 156 867 188 A
879 156 936 197 Q(
950 156 982 189 'l
991 157 1175 190 7'.-1l.Vl2'.

1497 173 1514 196 Ιυ

1521 172 1539 207 &1

75 268 152 302 820
210 263 406 302 Reddes:
438 271 523 302 tum
547 263 715 301 demum
739 264 938 302 scelerum
963 264 1210 303 cruciamina
1233 265 1416 316 pendes)

69 591 144 636 825

69 913 146 958 830

68 1555 146 1600 840

66 2203 143 2249 850

212 328 327 366 Haec
348 327 402 366 ait
425 336 463 366 et
485 335 628 366 notum
652 327 803 378 uagina
824 328 963 379 diripit
987 342 1140 367 ensem.

210 393 319 431 Inter
338 405 382 430 se
405 391 525 431 uariis
547 400 744 430 terrarum
769 393 954 443 partibus
976 393 1050 431 orti

208 457 483 508 Concurrunt.
541 456 699 507 stupuit
720 456 915 507 Vosagus
938 458 1038 496 haec
1060 457 1226 496 fulmina
1249 466 1287 497 et
1309 472 1403 496 ccct-

207 522 346 560 Ambo
367 514 569 560 sublimes
586 521 731 560 animis
753 535 800 560 ac
820 522 1051 571 grandibus
1072 523 1208 569 armis,

205 586 284 625 Hic
304 586 446 636 gladio
468 585 600 627 fidens
622 586 687 625 hic
709 600 804 625 acer
825 595 863 625 et
884 587 1038 625 arduus
1060 587 1175 626 hasta

206 651 316 690 Inter
335 664 380 690 se
401 651 529 696 multa
551 660 590 690 et
612 651 747 689 ualida
768 651 806 689 ui
830 651 983 702 praelia
1005 651 1187 690 miscent.

204 714 297 752 Non
320 714 378 752 sic
401 713 655 765 nigra-sonat
677 727 872 766 percussa
892 714 1104 753 securibus
1127 714 1217 760 ilex,

207 779 262 818 Ut
284 779 574 832 danttinnitus
595 780 739 830 galeae
762 779 966 831 clipeique
990 780 1199 818 resultant.
1232 798 1235 802 ·

204 843 407 882 Mirantur
433 844 591 889 Franci,
614 844 729 895 quod
753 857 834 882 non
857 844 1097 883 lassesceret
1118 844 1238 882 heros

202 908 457 947 &Valtharius
479 909 543 947 cui
566 909 676 946 nulla
698 909 814 960 quies
835 909 1069 960 spatiumne
1092 909 1278 947 dabatur.

203 973 364 1012 Emicat
385 973 450 1011 hic
472 973 626 1024 inpune
647 982 797 1024 putans
820 973 898 1011 iam
921 973 1247 1012 VVormaciensis

204 1038 299 1076 Alte
320 1046 359 1077 et
379 1038 543 1082 sublato
564 1038 776 1089 consurgit
798 1038 980 1077 feruidus
1002 1052 1099 1077 ense

206 1103 299 1140 Hoc
321 1102 409 1141 ictu.
426 1116 662 1141 memorans
683 1111 814 1141 semet
836 1102 951 1141 finire
973 1103 1156 1141 duellum
1174 1116 1180 1140 :

205 1167 408 1206 Prouidus
430 1175 471 1206 at
492 1167 651 1206 iuuenis
673 1167 882 1206 ferientem
906 1167 1078 1218 cuspide
1100 1167 1247 1206 adacta

206 1230 427 1281 Intercepit
448 1238 489 1269 et
510 1231 710 1282 ignauum
734 1230 968 1270 dimmitere
989 1229 1138 1269 ferrum

201 1295 403 1346 Cogebat.
462 1296 606 1347 procul
629 1295 668 1334 in
689 1295 827 1334 dumis
849 1295 1102 1346 resplenduit
1123 1296 1242 1334 ensis.

148 1410 151 1414 Ι
182 1398 185 1400 ,
205 1359 284 1398 Hic
306 1360 374 1401 ubi
395 1373 444 1405 se⁴
460 1360 602 1411 gladio
622 1361 843 1411 spoliatum
867 1360 971 1399 uidit
991 1360 1137 1405 amico,

202 1424 448 1463 Accelerare
469 1424 608 1476 fugam
632 1425 879 1477 fruticesque
901 1425 1067 1463 uolebat
1088 1424 1213 1463 adire.

201 1487 453 1539 Alpharides
474 1488 598 1538 fretus
621 1488 798 1539 pedibus
820 1488 1027 1539 uiridique
1048 1488 1218 1526 iuuenta

203 1552 439 1603 Insequitur
459 1553 600 1592 dicens
618 1568 624 1592 ;
657 1557 861 1604 ‘quonam
885 1552 1022 1604 fugis?
1052 1552 1192 1603 accipe
1212 1550 1401 1591 scutuin.⁷

200 1617 268 1656 Sic
289 1617 342 1656 ait
363 1626 494 1669 atque*
509 1618 669 1657 hastam
693 1618 883 1657 manibus
904 1618 1013 1656 leuat
1033 1617 1147 1656 ocius
1168 1616 1300 1655 ambis

203 1682 255 1721 Et
275 1682 375 1721 serit.
437 1683 508 1731 Ille
530 1683 650 1734 cadit,
673 1683 830 1734 clipeus
851 1682 1136 1734 superintonat
1157 1682 1315 1732 ingens.

199 1747 287 1785 Nec
309 1747 443 1786 tardat
463 1747 644 1786 iuuenis:
676 1748 784 1799 pede
806 1748 956 1786 collum
980 1747 1127 1798 pressit
1148 1755 1187 1786 et
1208 1747 1323 1785 hasta

200 1811 414 1850 Diuellens
436 1812 777 1863 parmamptelluri
798 1812 986 1850 infixerat
1007 1812 1132 1850 illum.

201 1877 295 1928 Ipse
316 1877 457 1916 oculos
479 1885 645 1916 uertens
666 1877 846 1915 animam
868 1876 1047 1916 sufflauit
1068 1876 1107 1915 in
1128 1889 1283 1914 auram.

252 1941 405 1980 Sextus
427 1950 512 1980 erat
536 1941 739 1980 Pataurid.
798 1955 915 1980 soror
936 1942 1046 1979 hunc
1067 1953 1266 1992 germana
1289 1939 1530 1990 Haganonis

200 2006 372 2045 Protulit
392 2006 445 2044 ad
467 2006 615 2045 lucem.
673 2020 797 2057 quem
821 2007 920 2045 dum
943 2006 1170 2057 procedere
1192 2004 1306 2050 uidit,

199 2070 384 2118 Uocibus
406 2078 445 2109 et
466 2070 657 2121 precibus
679 2079 850 2109 conatur
870 2070 1098 2109 auunculus
1120 2070 1216 2108 inde

199 2135 384 2182 Flectere
405 2136 666 2186 proclamans
685 2150 692 2174 z
724 2140 930 2187 ‘quonam
952 2135 1065 2174 ruis?
1095 2134 1233 2186 aspice
1255 2142 1440 2177 mortem,

200 2199 548 2250 Qualiteraridet.
607 2200 759 2239 desiste
778 2201 784 2238 ἒ
816 2214 867 2239 en
889 2200 1031 2239 ultima
1054 2200 1204 2238 Parcae

200 2265 288 2303 Fila
307 2265 462 2316 legunt.
520 2278 545 2304 o
565 2278 659 2303 care
680 2278 810 2318 nepos
831 2273 871 2304 te
892 2278 1008 2304 mens
1029 2273 1099 2304 tua
1119 2264 1228 2302 fallit.

199 2329 367 2368 Desine.
425 2329 643 2369 Waltharii
664 2337 707 2368 tu
729 2330 909 2381 denique
930 2329 1085 2368 uiribus
1106 2328 1248 2380 inpar.'

199 2394 344 2432 Infelix
366 2403 503 2433 tamen
526 2394 591 2433 ille
612 2408 754 2434 means
775 2394 878 2433 haec
899 2394 1036 2433 omnia
1056 2393 1223 2445 spreuit,

198 2458 311 2497 Arsit
331 2459 439 2497 enim
461 2458 620 2505 iuuenis
659 2459 824 2497 laudem
847 2457 1014 2510 captare
1035 2458 1262 2510 cupiscens.

198 2523 488 2575 Tristatusque
511 2524 693 2575 Hagano
712 2523 888 2575 suspiria
908 2532 1077 2575 pectore
1097 2523 1221 2574 longa

198 2587 341 2628 Traxit
360 2596 401 2627 et
421 2588 494 2627 has
509 2588 599 2639 imo
621 2587 725 2640 fudit
745 2588 798 2627 de
819 2588 945 2627 corde
965 2588 1174 2639 loquelas:

200 2657 206 2670 ‘
224 2653 261 2692 O
284 2660 430 2692 uortex
452 2653 597 2698 mundi
618 2652 746 2692 fames
767 2652 976 2692 insatiatus
998 2651 1190 2698 habendi,

199 2715 364 2766 Gurges
384 2715 591 2762 auaritiae,
613 2723 855 2755 cunctorum
878 2715 980 2754 fibra
1000 2715 1200 2754 malorum
1217 2715 1224 2751 ἔ

85 2807 148 2839 826
175 2808 318 2850 proelia
349 2793 498 2851 P.—-83-1
517 2793 812 2842 'wormatiensis
832 2792 984 2850 P2—835
1002 2792 1177 2850 ignarum
1198 2807 1347 2848 P.—854
1366 2790 1471 2838 uenis
1491 2805 1517 2837 P
