1909 3279
389 204 504 238 WAL
519 203 672 237 THER
702 203 775 237 OF
795 201 1144 243 AQUITAJNE.
1466 215 1537 250 109

39 320 136 352 ‘vae
157 311 350 352 domine!
381 325 521 350 ensem
543 324 663 350 suum
687 310 726 349 in
747 309 938 349 cubiculo
960 318 1102 348 nostro
1125 322 1206 347 non
1228 307 1373 359 reperi,
1396 316 1436 347 et
1457 307 1535 347 tuis

36 378 254 418 affectibus
293 377 447 416 intenta
485 375 611 415 oblita
649 389 739 415 sum
783 375 990 413 revelare.’
1050 374 1118 412 Ad
1158 373 1272 424 quod
1315 373 1536 423 VVyslaus:

38 442 219 482 ‘etiamsi
241 442 386 481 decem
410 440 576 479 ensibus
597 439 816 484 fulciretur,
835 439 966 489 bogas
987 438 1136 477 ferreas
1158 451 1360 488 rumpere,
1378 437 1536 488 absque

37 507 242 546 fabrorum
262 505 473 548 industria.
489 518 572 544 non
585 503 765 543 valeret.'
795 503 898 555 Ipsis
915 503 971 542 sic
989 503 1092 542 inter
1108 517 1151 541 se
1169 501 1537 547 confabulantibus,

37 572 261 617 Walterus,
293 570 396 609 liber
427 583 450 608 a
481 569 665 614 vinculis,
694 568 855 614 saliens,
889 581 987 606 ense
1019 567 1190 613 vibrato,
1215 575 1309 606 ante
1340 566 1535 605 lectulum

37 643 144 674 stare
165 633 426 685 conspicitur,
449 640 489 672 et
510 646 621 678 mox,
643 631 750 671 datis
778 630 1050 682 improperiis,
1074 643 1240 668 manum
1264 643 1356 668 cum
1380 643 1477 668 ense
1498 629 1537 667 in

38 699 163 738 altum
203 698 378 749 erigens,
414 696 542 749 ipsius
581 710 722 735 ensem
765 695 804 734 in
838 695 985 734 ambos
1020 695 1170 733 cadere
1202 694 1422 745 permittit;
1467 693 1538 745 qui

38 763 191 803 cadens
213 771 411 813 utrosque
432 775 506 813 per
525 761 708 800 medium
731 760 862 799 scidit.
908 759 976 799 Sic
998 767 1172 810 uterque
1194 772 1337 798 eorum
1359 759 1539 797 detesta—

40 828 162 867 bilem
179 827 303 867 vitam
321 826 604 867 miserabiliori
621 825 702 864 fine
719 824 930 864 conclusit.
978 824 1113 875 Hujus
1130 823 1267 875 itaque
1286 823 1539 874 Helgundae

40 891 276 943 sepulcrum
299 890 339 928 in
360 898 493 929 castro
513 888 767 940 Wyslicensi
797 887 991 927 omnibus
1022 900 1189 926 cernere
1210 886 1472 938 cupientibus
1500 885 1538 924 in

42 964 157 1008 petra
178 955 376 1000 excisum,
399 967 532 1005 usque
552 953 605 992 ad
627 967 824 1005 praesens
841 953 1162 991 demonstratur.

98 1020 235 1059 Huic9
255 1033 358 1071 ergo
380 1019 470 1058 urbi
486 1018 784 1057 munitissimae
807 1017 1019 1056 Boleslaus
1044 1030 1117 1055 rex
1135 1016 1246 1055 illum
1270 1015 1539 1058 Pannonium,

43 1083 271 1136 putativum
304 1083 482 1129 exulem,
504 1095 630 1133 quem
653 1095 734 1120 non
757 1088 800 1120 ut
821 1080 1041 1132 profugam
1063 1079 1138 1118 sed
1160 1088 1203 1118 ut
1232 1079 1388 1130 patriae
1409 1079 1538 1117 alum-

44 1163 139 1188 num
164 1147 342 1199 benigne
363 1155 604 1198 susceperat
623 1154 663 1185 et
683 1145 896 1185 caritativo
918 1145 1047 1184 modo
1069 1152 1333 1196 pertractans,
1360 1143 1541 1195 praefec-

44 1214 130 1254 tivo
151 1212 285 1252 officio
303 1211 601 1264 gratiosissime
622 1210 842 1261 insignivit.

87 1318 108 1350 9
131 1306 154 1340 ii
173 1306 234 1340 hic
251 1305 351 1339 redit
369 1305 417 1340 ad
437 1304 690 1348 propositum.
