1909 3279
108 576 183 602 200

109 899 181 936 205

108 1221 184 1248 210

109 1547 183 1584 215

111 1869 187 1896 220

110 2194 184 2231 225

112 2515 188 2553 230

456 197 569 231 WAL
584 198 737 231 THER
766 199 839 233 OF
859 199 894 232 A
904 200 938 241 Q
949 200 964 233 ζ
976 201 1009 233 'l
1018 201 1083 233 TA
1092 201 1203 235 [NE.

238 305 495 344 waltharius
516 314 653 345 tamen
677 305 716 344 in
739 307 878 345 medio
899 307 991 346 furit
1012 309 1177 358 agmine
1198 309 1307 348 bello

238 369 375 409 Obuia
397 383 590 421 quaeque
613 380 772 410 metens
793 371 917 410 armis
938 386 985 410 ac
1006 372 1131 412 limite
1153 387 1345 425 pergens

237 434 360 473 Hunc
377 434 445 472 ubi
467 435 724 486 conspiciunt
745 436 885 474 hostes
906 445 1039 475 tantas
1060 437 1158 476 dare
1179 446 1348 489 strages,

238 499 300 537 Ac
320 499 352 538 si
375 508 634 550 praesentem
659 500 898 539 metuebant
919 514 1086 540 cernere
1109 511 1281 541 mortem
1301 517 1308 540 ε

242 563 294 603 Et
314 577 625 615 quemcumque
646 565 781 615 locum
805 579 876 617 seu
898 560 1044 618 dex-'tra
1064 564 1151 605 siue
1172 567 1331 606 sinistra

239 628 493 668 Waltharius
513 638 682 681 peteret,
705 629 838 669 cuncti
861 643 957 669 mox
979 639 1094 681 terga
1115 632 1320 670 dederunt

240 693 291 732 Et
312 693 442 732 uersis
462 693 587 733 scutis
608 694 795 745 laxisque
817 694 1000 750 seruntur
1021 695 1204 734 habenis.

239 757 356 796 Tunc
377 757 531 797 imitata
552 758 699 797 ducem
722 772 825 809 gens
847 759 1027 797 maxima
1052 760 1352 798 Pannoniarum

240 821 435 872 [Saeuior
456 822 630 874 insurgit
650 824 908 875 caedemque
929 822 1125 862 audacior
1145 825 1303 876 auget,]

241 886 376 926 Deicit
397 887 621 934 obstantes,
643 888 847 939 fugientes
869 888 1050 940 proterit,
1073 903 1204 940 usque

240 951 353 990 Dum
377 960 542 1003 caperet
562 952 729 1003 plenum
753 952 846 991 belli
868 953 946 991 sub
967 962 1076 992 sorte
1097 953 1366 1002 triumphum.

239 1016 346 1055 Tum
368 1030 494 1067 super
513 1016 672 1056 occisos
694 1017 773 1056 ruit
794 1026 833 1057 et
853 1017 1103 1068 spoliauerat
1125 1031 1268 1064 omnes
1397 1021 1400 1023 ’

242 1081 294 1120 Et
314 1081 481 1120 tandem
504 1081 654 1130 ductor
674 1095 825 1121 recauo
847 1090 967 1121 uocat
987 1082 1155 1134 agmina
1176 1096 1315 1122 cornu.

240 1145 303 1184 Ac
323 1145 480 1197 primus
502 1145 676 1193 frontem
699 1146 799 1193 festa
820 1160 912 1197 cum
935 1146 1081 1198 fronde
1102 1147 1278 1186 reuinxit

240 1210 408 1249 Uictrici
429 1211 545 1249 lauro
565 1210 736 1262 cingens
751 1199 831 1250 *sua
851 1220 1040 1262 tempora
1062 1212 1203 1262 uulgo,
1265 1211 1269 1215 ’

241 1275 338 1314 Post
358 1275 468 1314 hunc
488 1275 670 1327 signiferi
691 1276 878 1327 sequitur
897 1289 1002 1327 quos
1024 1285 1159 1315 cetera
1179 1275 1323 1328 pubes.

242 1339 414 1390 Iamque
434 1339 672 1392 triumphali
693 1340 903 1380 redierunt
922 1333 1143 1389 stemmate
1161 1340 1316 1392 compti

242 1404 295 1443 Et
314 1404 488 1455 patriam
513 1404 685 1456 ingressi
706 1405 873 1457 propria
892 1419 936 1444 se
958 1404 1134 1456 quisque
1155 1404 1305 1444 locauit

237 1468 360 1514 Sede,
384 1470 457 1509 sed
480 1470 534 1509 ad
553 1470 702 1509 solium
725 1484 823 1509 mox
846 1462 1099 1510 &Valtharius
1122 1470 1373 1525 properauit.

296 1535 404 1574 Ecce
426 1534 593 1586 palatini
614 1536 838 1574 decurrunt
859 1549 951 1574 arce
972 1535 1141 1574 ministri
1242 1529 1259 1536 U

243 1599 354 1639 Illius
375 1609 545 1651 aspectu
566 1600 715 1649 hilares
736 1600 1003 1651 equitemque
1024 1600 1230 1645 tenebant,

241 1662 389 1701 Donec
410 1663 471 1701 uir
490 1663 590 1702 sella
610 1664 884 1702 descenderet
904 1663 1065 1708 inclitus
1085 1663 1178 1702 alta.

241 1727 284 1766 Si
305 1727 411 1766 bene
432 1741 496 1766 res
517 1736 703 1779 uergant,
725 1737 812 1767 tum
835 1728 1004 1766 demum
1027 1727 1131 1767 forte
1151 1726 1376 1778 requirunt.

244 1792 316 1831 Ille
337 1792 493 1844 aliquid
514 1793 726 1832 modicum
749 1806 916 1831 narrans
939 1783 1160 1832 intrauerat
1180 1792 1328 1838 aulam,

244 1858 396 1896 Lassus
417 1857 524 1896 enim
546 1858 677 1897 fuerat
697 1857 892 1909 regisque
913 1857 1046 1896 cubile
1074 1857 1254 1908 petebat.

242 1922 328 1961 Illic
351 1922 625 1973 Hiltgundem
647 1923 776 1962 solam
800 1921 972 1961 offendit
992 1921 1253 1960 residentem.

243 1987 320 2026 Cui
341 1996 436 2038 post
455 1988 674 2039 amplexus
695 1995 819 2038 atque
841 1986 981 2026 oscula
1000 1986 1136 2025 dulcia
1156 1983 1279 2024 dixit:

242 2052 394 2091 ‘Ocius
416 2052 497 2090 huc
517 2060 660 2103 potum
683 2049 797 2097 ferto,
820 2051 917 2102 quia
936 2051 1067 2090 fessus
1088 2050 1262 2089 anhelo!

242 2117 315 2155 Illa
336 2130 451 2156 mero
471 2117 613 2156 tallum
637 2116 846 2168 conpleuit
867 2106 966 2155 mox
987 2115 1212 2170 pretiosum

243 2182 514 2233 Porrexitque
535 2181 636 2228 uiro,
658 2181 729 2233 qui
750 2181 918 2232 signans
939 2180 1166 2232 accipiebat

243 2247 571 2298 Uirgineamque
592 2260 760 2294 manum
780 2245 950 2301 propria
969 2245 1222 2285 constrinxit.
1256 2288 1260 2290 ,
1279 2252 1319 2283 at
1340 2243 1404 2282 illa

241 2312 383 2351 Astitit
403 2320 443 2351 et
464 2312 622 2351 uultum
645 2311 818 2350 reticens
831 2305 1203 2353 ,intenditherilem

241 2376 583 2427 Walthariusque
603 2375 747 2414 bibens
769 2388 946 2428 uacuum
969 2368 1042 2431 uas
1056 2373 1235 2429 vporrigit
1256 2373 1336 2420 olli,

242 2441 383 2479 Ambo
404 2441 557 2480 etenim
579 2448 725 2479 norant
745 2440 798 2479 de
818 2453 863 2478 se
882 2439 1090 2491 sponsalia
1111 2435 1227 2477 facta.

244 2504 449 2543 Prouocat
469 2511 510 2543 et
529 2503 597 2543 tali
618 2517 755 2542 caram
777 2515 968 2542 sermone
989 2502 1167 2554 puellam
1184 2516 1192 2540 ;

243 2572 251 2587 ‘
268 2568 448 2607 Exilium
470 2568 622 2620 pariter
642 2567 820 2619 patimur
841 2566 920 2606 iarn
942 2575 1130 2618 tempore
1150 2573 1264 2605 tanto

243 2633 339 2672 Non
360 2633 612 2685 ignorantes,
633 2632 735 2684 quid
757 2632 884 2672 nostri
905 2631 1007 2671 sorte
1028 2638 1220 2683 parentes

244 2698 356 2737 Inter
375 2711 420 2736 se
441 2705 579 2737 nostra
600 2697 654 2736 de
674 2710 718 2735 re
738 2696 870 2736 fecere
891 2695 1038 2735 sutura.

244 2762 436 2812 Quamne
456 2761 527 2801 diu
548 2761 671 2801 tacito
692 2761 918 2813 premimus
940 2760 1042 2798 haec
1063 2760 1150 2810 ipsa
1171 2757 1339 2810 palato?
1357 2760 1362 2771 '

123 2864 188 2888 200
205 2838 828 2898 quemcunqueer.—2iojtijrnporar
847 2854 998 2894 P.—224
1015 2836 1222 2894 complevit
1259 2851 1296 2883 P.
