1909 3279
361 209 433 245 106
730 204 843 237 WAL
858 204 1012 236 THER
1041 204 1114 237 OF
1133 203 1480 245 AQUJTAJNE.

357 313 588 351 walterum
611 312 789 363 prodere
811 325 894 350 non
924 311 1183 362 praesumsit.
1242 311 1327 350 Sed
1349 325 1442 350 cum
1474 312 1636 351 duabus
1662 313 1850 352 noctibus

355 377 623 428 sequentibus
645 376 856 415 Walterus
888 376 1131 414 adolescens
1162 375 1308 414 similia
1338 384 1456 415 caute
1487 376 1727 428 peregisset,
1752 377 1852 416 Hel-

357 442 499 493 gunda
533 440 791 480 dissimulare
825 440 1002 491 amplius
1038 454 1119 479 non
1154 441 1309 487 Valens,
1342 440 1523 491 vigilem,
1559 449 1604 480 ut
1637 451 1847 480 cantorem

357 506 518 558 prodat,
541 505 660 544 minis
682 514 721 544 et
742 505 966 543 terroribus
997 504 1218 555 compellit.
1279 504 1361 555 Qui
1388 518 1482 543 curn
1514 505 1691 556 prodere
1712 506 1850 552 nollet,

357 571 491 622 ipsum
510 569 671 621 capitali
688 569 888 608 sententia
903 569 1026 620 plecti
1041 569 1172 620 jubet.
1223 569 1334 620 vigil
1351 569 1490 620 itaque
1507 583 1599 608 cum
1617 570 1849 609 Walterum

357 644 543 674 cantasse
565 633 830 680 meminisset,
848 633 936 684 ipsa
952 633 992 671 in
1013 634 1100 684 ejus
1116 647 1300 672 amorem
1323 633 1478 672 fervide
1495 634 1782 681 exardescens,
1797 635 1848 674 ad

357 700 443 751 ejus
465 707 561 738 vota
581 712 625 737 se
645 699 823 737 totaliter
849 698 1074 744 acclinavit,
1092 698 1220 736 filium
1240 698 1456 737 Almaniae
1477 698 1586 749 regis
1606 699 1851 739 omnimodo

358 764 607 815 respuendo.
676 763 859 802 Cernens
887 763 1026 813 itaque
1054 763 1272 801 Alinaniae
1305 763 1414 814 regis
1442 763 1547 802 filius
1574 777 1618 802 se
1640 764 1851 815 pudorose

357 829 408 867 ab
441 827 668 878 Helgunda
697 827 917 878 abjectum,
949 835 988 865 et
1008 827 1240 865 Walterum
1272 827 1312 865 in
1341 827 1494 866 amoris
1523 828 1729 866 alveolum
1761 842 1851 867 esse
1890 831 1893 833 ’

356 893 641 943 subrogatum,
664 891 789 930 nimio
820 892 909 930 zelo
939 899 1080 930 contra
1101 891 1334 930 Walterum
1366 905 1575 938 accensus,
1607 893 1660 931 ad
1691 901 1849 944 patrem

356 958 520 996 rediens
541 956 678 995 omnia
707 956 872 1007 navigia
895 955 1002 994 Reni
1031 955 1210 994 fluminis
1232 964 1419 1007 occupat,
1441 970 1488 995 ac
1510 970 1560 995 ne
1580 956 1727 1008 aliquis
1757 971 1850 996 cum

356 1021 515 1073 virgine
536 1021 611 1060 nisi
633 1034 812 1059 marcam
834 1020 933 1079 aurp
955 1033 1030 1071 pro
1052 1020 1220 1071 navigio
1241 1021 1439 1066 exsolvat,
1462 1021 1659 1060 custodiri
1679 1022 1852 1061 sollieite

358 1085 586 1125 committit.
644 1086 795 1124 Tracto
826 1084 949 1136 igitur
977 1084 1174 1135 temporis
1203 1084 1350 1136 spatio,
1382 1085 1593 1124 Walterus
1624 1099 1716 1124 cum
1751 1087 1850 1125 Hel-

356 1151 498 1202 gunda
529 1149 850 1200 oportunitatem
881 1149 1067 1200 fugiendi
1098 1157 1275 1200 captant,
1299 1157 1547 1201 captamque
1568 1150 1790 1197 inveniunt,
1813 1159 1853 1190 et

357 1215 604 1254 adveniente
635 1214 702 1252 die
734 1222 877 1265 optato
909 1213 1137 1264 aufugiunt.
1196 1214 1281 1252 Sed
1318 1222 1538 1265 postquam
1576 1215 1708 1266 ripam
1744 1215 1851 1254 Reni

357 1272 546 1333 flumenis
581 1287 723 1330 optate
758 1277 1016 1329 perveniunt,
1053 1287 1201 1317 nautae
1236 1292 1414 1317 marcam
1451 1279 1537 1317 auri
1573 1293 1648 1329 pro
1684 1280 1850 1331 navigio

358 1339 601 1396 exposcunt,
617 1351 922 1394 receptamque,
937 1356 1158 1394 quousque
1174 1342 1279 1382 filius
1293 1343 1402 1394 regis
1417 1343 1634 1383 Almaniae
1647 1344 1851 1389 adveniat,

356 1418 610 1449 transmeare
640 1407 937 1447 contradicunt.
1008 1407 1079 1446 Ille
1108 1415 1259 1452 autem,
1282 1407 1461 1447 sentiens
1482 1422 1532 1447 ex
1555 1422 1672 1447 mora
1692 1409 1851 1460 pericu-

356 1475 455 1521 lum,
497 1488 593 1512 mox
643 1472 920 1523 bucephalum
970 1472 1221 1519 conscendit,
1263 1481 1302 1511 et
1344 1473 1611 1524 Helgundam
1661 1481 1769 1513 retro
1807 1487 1851 1513 se

358 1538 637 1578 conscendere
661 1537 791 1588 jubet,
814 1536 983 1575 fluvium
1015 1536 1206 1582 insiliens,
1228 1537 1378 1587 sagitta
1408 1537 1589 1576 velocius
1620 1539 1848 1588 pertransit.

360 1604 413 1642 Et
452 1617 544 1641 cum
584 1601 879 1653 aliquantisper
913 1615 936 1638 a
975 1601 1099 1639 fluvio
1141 1601 1262 1640 Reno
1301 1601 1407 1640 viam
1449 1602 1690 1653 peregisset,
1730 1603 1850 1641 audis

358 1668 580 1706 clamorem
612 1675 706 1717 post
735 1675 852 1717 terga
882 1665 1061 1712 Almani,
1085 1665 1220 1717 ipsum
1252 1666 1504 1717 insequentis
1534 1674 1575 1705 et
1603 1680 1706 1705 voce
1735 1681 1852 1718 prae·
1908 1677 1909 1680 ’

357 1731 524 1782 cognita
544 1729 736 1768 dicentis:
769 1730 830 1768 ‘O
853 1728 1032 1780 perfide!
1063 1736 1145 1767 tam
1167 1742 1258 1767 cum
1282 1728 1363 1767 filia
1390 1729 1499 1780 regis
1520 1729 1623 1768 clam
1645 1730 1853 1784 aufugisti,

358 1803 408 1841 et,
432 1794 613 1845 pedagio
635 1807 717 1832 non
737 1793 885 1838 soluto,
910 1793 1075 1831 Renum
1107 1792 1393 1832 transmeasti?
1424 1793 1521 1832 siste
1541 1794 1733 1845 gradum,
1755 1794 1852 1834 siste
1908 1801 1909 1840 j

359 1867 401 1898 ut
440 1859 571 1897 ineam
613 1858 819 1909 singulare
858 1865 1078 1903 certamen,
1118 1865 1158 1896 et
1196 1857 1266 1908 qui
1305 1857 1435 1896 victor
1473 1858 1683 1904 exstiterit,
1723 1859 1855 1898 victor

360 1923 552 1968 existens,
593 1935 747 1973 equum
789 1930 828 1960 et
866 1935 981 1959 arma
1019 1935 1067 1960 ac
1108 1922 1380 1972 Helgundam
1421 1922 1638 1961 retinebit.'
1723 1923 1852 1974 Cujus
1908 1917 1909 1925 ¹

360 1987 608 2026 clamoribus
629 1987 840 2024 Walterus
861 1986 1064 2036 intrepide
1085 1987 1355 2037 respondens,
1378 1986 1454 2025 ait:
1486 1987 1628 2025 salsum
1654 1995 1715 2026 est
1736 1987 1851 2038 quod

359 2051 540 2103 loqueris
571 2065 663 2089 nam
688 2063 865 2088 marcam
898 2049 983 2088 auri
1006 2050 1137 2089 nautis
1167 2050 1402 2097 tribueram,
1425 2058 1465 2090 et
1485 2050 1608 2089 filiam
1631 2051 1740 2102 regis
1770 2065 1853 2091 non
1907 2059 1909 2094 ξ

359 2117 397 2155 vi
419 2125 578 2167 raptam
611 2115 685 2154 sed
706 2115 892 2153 ultronee
927 2129 993 2153 me
1013 2115 1130 2166 sequi
1152 2116 1359 2154 volentem
1382 2115 1481 2153 mihi
1502 2115 1665 2154 sociavi.
1717 2116 1769 2155 Et
1791 2117 1852 2156 his
1908 2128 1909 2131 ’

361 2181 479 2220 dictis
517 2181 618 2219 alter
656 2180 827 2218 alterum
867 2179 1018 2218 lanceis
1057 2179 1241 2218 animose
1280 2179 1463 2230 impellit.
1541 2180 1702 2230 Quibus
1756 2194 1851 2219 con-
1908 2196 1909 2199 ¹

360 2245 506 2290 fractis,
539 2244 695 2283 ensium
728 2243 873 2282 ictibus
904 2252 1103 2294 pugnant,
1135 2252 1175 2282 et
1203 2243 1370 2283 viriliter
1399 2243 1505 2282 vires
1535 2252 1742 2295 exaptant.
1803 2245 1854 2284 Et

361 2311 457 2361 quia
485 2309 665 2347 Almano
698 2308 967 2357 Helgundam
1001 2321 1051 2346 ex
1084 2309 1280 2359 opposito
1309 2309 1486 2359 positam
1519 2309 1853 2359 repraesentabat
1906 2304 1909 2341 ἶ

361 2382 563 2425 aspectus,
586 2372 740 2411 idcirco
770 2372 855 2423 ejus
877 2373 1111 2422 aspectibus
1142 2372 1321 2411 hilariter
1347 2372 1597 2421 confortatus
1618 2373 1850 2412 Walterum
1907 2374 1909 2378 ’

361 2446 544 2476 retrorne
555 2435 703 2486 coegit,
722 2448 941 2485 quousque
957 2435 1155 2474 retroiens
1174 2435 1442 2485 Helgundam
1461 2435 1689 2486 conspexit.
1714 2436 1850 2486 Quam

362 2501 631 2552 conspiciens,
662 2507 744 2538 tam
778 2498 939 2549 pudore
970 2499 1196 2537 incredibili
1226 2499 1406 2550 persistit
1435 2513 1556 2550 quam
1595 2500 1682 2550 ejus
1711 2514 1852 2540 amore
1904 2551 1905 2555 Ἰ

362 2567 488 2604 nimio
508 2577 742 2609 succensus,
765 2563 918 2602 viribus
940 2564 1173 2614 resumptis,
1196 2564 1419 2602 Almanum
1443 2563 1599 2603 fortiter
1619 2564 1790 2615 impetit,
1814 2574 1853 2604 et

363 2631 496 2682 ipsum
530 2628 716 2680 protinus
749 2627 910 2666 occidit.
969 2628 1096 2679 Cujus
1128 2642 1237 2679 equo
1269 2636 1309 2667 et
1338 2628 1459 2666 armis
1492 2629 1677 2679 receptis,
1710 2629 1851 2669 itinere

362 2703 482 2746 capto
521 2694 574 2732 ad
622 2691 789 2744 propria
827 2700 994 2736 remeat,
1034 2693 1126 2732 laeti
1167 2692 1334 2731 honoris
1381 2692 1593 2743 triumpho
1631 2690 1853 2757 duplicitihr

362 2760 582 2799 trabeatus.
642 2756 723 2806 Qui
745 2756 797 2794 ad
819 2764 996 2794 castrum
1020 2757 1248 2795 Tinecense
1268 2757 1436 2795 veniens
1466 2756 1675 2807 prosperis
1700 2757 1852 2797 itineris

363 2822 620 2862 successibus
641 2820 810 2859 feliciter
828 2820 1014 2870 peractis,
1031 2821 1241 2871 aliquanto
1261 2829 1449 2871 tempore
1466 2821 1698 2859 medicandi
1719 2822 1851 2872 gratia
