1909 3279
82 511 158 549 355

85 1146 161 1193 365

86 1478 163 1517 370

427 178 540 230 WAJL
555 196 707 229 THER
736 197 809 230 OF
829 197 1171 238 AQL'JTAIA‘E.

215 305 394 344 Horreat
414 312 458 343 ut
478 314 647 343 cunctos
668 317 792 343 aurae
813 305 1008 356 uentique
1030 319 1218 345 susurros

217 368 463 408 Formidans
483 368 672 407 uolucres
693 368 856 407 collisos
877 369 963 408 siue
985 383 1183 409 racemos.

217 432 326 471 Hinc
348 431 490 470 odium
513 431 621 469 exilii
643 431 884 482 patriaeque
905 445 1022 470 amor
1043 433 1207 473 incubat
1229 433 1347 477 inde:

216 497 329 537 Uicis
350 495 578 546 defugiunt.
600 495 788 547 speciosa
809 497 971 534 nonalia
992 497 1181 548 linquunt

214 561 428 601 Montibus
449 560 620 599 intonsis
641 573 784 599 cursus
804 561 982 611 ambage
1004 575 1198 601 recuruos

212 615 449 673 Sectantesu:
481 625 679 663 tremulos
701 625 858 663 uariant
880 639 952 676 per
973 626 1092 664 deuia
1113 641 1292 676 ¹gressus.

271 691 348 729 Ast
369 689 481 728 urbis
502 690 683 740 populus
703 683 854 728 somno
875 690 1056 741 uinoque
1076 692 1234 730 solutus

179 792 182 796 .
217 755 285 794 Ad
308 749 491 793 medium
514 753 614 793 lucis
635 754 743 793 siluit
764 755 1001 793 recubando
1022 756 1241 806 sequentis.

216 819 301 859 Sed
323 827 543 870 postquam
565 827 753 869 surgunt.
775 818 989 857 ductorem
1013 819 1166 870 quique
1188 821 1409 871 requirunt.

219 885 275 924 Ut
295 892 432 935 grates
452 882 602 922 saciant
622 896 669 922 ac
691 883 791 922 festa
812 883 933 922 laude
954 884 1140 923 salutent.

216 949 344 989 Attila
364 941 515 999 nempe
537 962 661 987 manu
683 956 806 999 caput
826 949 1085 999 amplexatus
1107 959 1278 1001 utraque

217 1013 442 1066 Egreditur
461 1013 645 1052 thalamo
667 1026 752 1058 rex,
776 1013 1141 1064 XValthariumque
1162 1015 1344 1053 dolendo

218 1077 424 1121 Aduocat,
447 1085 491 1115 ut
511 1076 725 1127 proprium
748 1085 991 1127 quereretur
1010 1076 1113 1115 forte
1133 1077 1334 1116 dolorem.

219 1141 497 1193 Respondent
516 1141 593 1192 ipsi
614 1155 659 1179 se
680 1154 761 1179 non
783 1141 967 1192 potuisse
989 1141 1160 1180 ministri

219 1207 431 1246 Inuenisse
452 1206 599 1251 uirum,
621 1205 695 1244 sed
717 1199 908 1257 princeps
928 1214 1068 1256 sperat
1088 1206 1263 1245 eundem

219 1264 437 1311 Hactenus
454 1270 494 1309 in
514 1284 663 1326 somno
684 1279 844 1309 tentum
866 1271 1063 1309 recubare
1085 1271 1269 1321 quietum

218 1336 524 1386 Occultumque
543 1335 680 1374 locum
702 1334 778 1373 sibi
800 1335 1005 1385 delegisse
1025 1335 1177 1386 sopori.

217 1393 388 1452 Ospirin
411 1398 688 1451 Hiltgundem
712 1408 934 1450 postquam
958 1400 1156 1450 cognouit
1176 1400 1320 1439 abesse

219 1467 307 1504 Nee
329 1465 442 1504 iuxta
463 1477 622 1503 morem
644 1473 780 1503 uestes
802 1464 963 1502 deferre
983 1473 1159 1507 suetum,

212 1520 392 1569 Tristior
412 1529 607 1568 inmensis
627 1537 817 1580 satrapae
838 1528 1087 1567 clamoribus
1109 1529 1240 1580 inquit
1259 1545 1265 1567 :

200 1600 225 1651 .‘
241 1596 280 1635 O
303 1594 570 1634 detestandas
591 1589 695 1645 quas
717 1593 804 1632 heri
824 1593 1079 1644 sumpsimus
1100 1594 1238 1632 escas!

201 1700 203 1704 ¹
218 1661 256 1700 O
279 1660 419 1708 uinum
442 1659 558 1710 quod
582 1658 813 1697 Pannonias
835 1658 1097 1696 destruxerat
1117 1659 1284 1697 ornnes!

82 1802 162 1840 375

85 2117 163 2164 380

220 1724 346 1775 Quod
367 1723 540 1763 domino
560 1723 649 1774 regi
671 1723 750 1761 iam
772 1722 932 1760 dudum
955 1722 1138 1773 praescia
1159 1722 1257 1767 dixi,

219 1788 441 1846 Approbat
460 1789 537 1827 iste
557 1788 647 1827 dies
668 1801 791 1838 quem
816 1800 891 1825 nos
912 1800 1107 1837 superare
1129 1787 1358 1838 nequimus.

219 1846 283 1893 En
303 1853 429 1892 hodie
449 1853 611 1905 imperii
632 1852 757 1891 uestri
779 1851 975 1890 cecidisse
996 1852 1188 1889 columna

218 1908 433 1975 Noscituiz'
447 1932 499 1957 en
520 1917 646 1957 robur
667 1917 811 1968 procul
833 1916 935 1955 inuit
955 1924 996 1955 et
1017 1916 1152 1955 inclita
1174 1916 1322 1955 uirtus:

217 1971 472 2022 Waltharius
493 1983 563 2021 lux
587 1981 821 2020 Pannoniae
842 1981 1085 2019 discesserat
1106 1980 1213 2026 inde,

217 2047 494 2099 Hiltgundem
517 2059 687 2098 quoque
708 2046 762 2084 mi
784 2059 917 2084 caram
941 2044 1115 2084 deduxit
1135 2045 1372 2083 alumnam(⁸

274 2113 359 2152 Iam
382 2112 574 2164 princeps
597 2111 718 2150 nimia
741 2109 1004 2149 succenditur
1025 2108 1174 2148 efferus
1196 2109 1264 2150 ira.

217 2178 382 2217 Mutant
402 2176 598 2216 laetitiam
622 2175 847 2214 maerentia
867 2174 995 2213 corda
1016 2174 1210 2225 priorem.

217 2243 281 2281 Ex
304 2241 486 2280 humeris
507 2242 692 2280 trabeam
715 2239 908 2278 discindit
928 2239 981 2277 ad
1003 2238 1141 2276 infima
1162 2246 1287 2277 totam

162 2337 172 2340 γ.
216 2307 272 2346 Et
292 2320 399 2344 nunc
420 2306 501 2344 huc
521 2301 701 2344 animum
724 2304 893 2349 tristem,
916 2307 1024 2341 nunc
1045 2302 1193 2341 diuidit
1213 2302 1317 2341 illuc.

52 2446 59 2453 ·
83 2421 158 2487 385

80 2770 156 2807 390

193 2420 195 2423 Ι
215 2372 279 2413 Ac
299 2371 412 2410 uelut
432 2370 598 2410 aeolicis
619 2369 806 2409 turbatur
826 2362 949 2406 arena
970 2367 1171 2418 procellis,

215 2436 284 2476 S'rc
305 2435 505 2475 intestinis
526 2449 598 2474 rex
619 2434 788 2473 fluctuat
809 2433 993 2484 undique
1014 2431 1119 2471 curis

180 2507 188 2512 '
215 2501 269 2539 Et
288 2499 449 2538 uarium
471 2507 615 2551 pectus
635 2498 751 2537 uario
770 2497 890 2536 simul
912 2510 982 2536 ore
1002 2496 1181 2535 imitatus

215 2564 402 2604 Prodidit
421 2564 602 2603 exterius
623 2561 822 2614 quicquid
851 2561 1099 2600 tolerauerat
1119 2560 1224 2599 intus

215 2630 364 2680 Iraque
384 2641 618 2667 sermonem
641 2626 825 2678 permisit
845 2638 1035 2677 promere
1056 2624 1224 2663 nullum.

215 2694 313 2745 Ipso
333 2693 491 2745 quippe
511 2692 579 2731 die
600 2700 745 2743 potum
766 2690 920 2730 fastidit
941 2698 980 2728 et
1000 2702 1134 2728 escam

211 2757 250 2795 N
254 2769 300 2795 ec
320 2755 526 2807 placidam
549 2754 730 2793 menbris
751 2753 884 2805 potuit
904 2753 1003 2792 dare
1024 2765 1121 2790 cura
1142 2751 1334 2802 quietem.

99 2857 161 2890 372
185 2858 273 2882 sero
291 2848 444 2889 P.—390
461 2846 655 2881 membris.
