1909 3279
121 395 195 433 275

122 708 198 744 280

124 1026 198 1073 285

123 1355 199 1391 ²90

66 1681 73 1687 ’
121 1678 194 1716 295

121 2003 198 2040 300

123 2327 197 2364 305

124 2650 201 2687 310

475 209 587 242 WAL
602 209 755 242 THER
784 210 858 243 OF
876 210 1222 266 AQUITAQVE.

254 317 370 356 Haec
391 317 495 356 intra
515 317 795 356 ebdomadem
819 326 936 357 caute
958 332 1029 369 per
1049 318 1212 369 singula
1229 319 1404 370 comple.

254 381 434 427 Audisti,
454 381 555 433 quid
573 382 725 420 habere
748 381 872 421 uianti
895 381 996 422 forte
1018 396 1185 422 necesse
1206 391 1278 422 est.

252 447 372 485 Nunc
395 459 480 497 quo
502 458 617 485 more
639 445 777 497 sugam
801 447 1012 485 ualeamus
1033 446 1132 486 inire
1154 448 1345 486 recludo:

255 511 479 562 Postquam
501 518 698 562 septenos
723 511 914 550 Phoebus
937 512 1182 551 remeauerit
1203 512 1336 559 orbes,

254 575 362 626 Regi
383 589 431 614 ac
452 574 620 626 reginae
640 575 814 627 satrapis
835 575 1010 614 ducibus
1032 576 1275 628 famulisque

251 640 431 692 Sumptu
452 653 682 692 permagno
703 640 895 678 conuiuia
916 641 1021 679 laeta
1043 641 1199 692 parabo

254 705 395 756 Atque
416 704 528 743 omni
550 704 718 755 ingenio
739 712 840 756 potu
863 705 1038 756 sepelire
1058 706 1248 751 studebo,

256 768 402 806 Donec
423 767 558 806 nullus
579 767 652 807 erit
674 767 743 819 qui
765 767 914 807 sentiat
935 768 1014 806 hoc
1035 769 1150 819 quod
1171 769 1382 819 agendum
1406 778 1478 808 est.

252 831 316 870 Tu
338 839 476 870 tamen
497 830 652 870 interea
674 831 935 870 mediocriter
956 840 1069 870 utere
1090 831 1198 876 uino,

251 895 391 947 Atque
411 895 518 934 sitim
542 895 611 934 uix
631 895 685 934 ad
707 909 890 934 mensam
914 896 1170 947 restinguere
1191 909 1300 935 cura.

253 960 359 1000 Cum
382 959 529 1011 reliqui
549 968 732 1011 surgant,
754 960 808 999 ad
829 961 1029 1011 opuscula
1050 969 1147 999 nota
1168 974 1344 999 recurre.

255 1024 334 1063 Ast
355 1023 424 1062 ubi
446 1023 525 1062 iam
548 1031 718 1062 cunctos
739 1032 907 1075 superat
928 1023 1121 1062 uiolentia
1141 1032 1276 1075 potus,

253 1088 361 1127 Tum
383 1088 506 1127 simul
527 1087 722 1127 occiduas
744 1101 1016 1140 properemus
1037 1101 1235 1139 quaerere
1256 1089 1417 1139 partes.’

255 1151 388 1203 Uirgo
409 1164 569 1190 memor
589 1159 812 1203 praecepta
831 1150 906 1189 uiri
926 1150 1162 1202 compleuit.
1220 1159 1260 1190 et
1280 1164 1375 1190 ecce

255 1215 471 1255 Praefinita
491 1215 579 1254 dies
601 1216 814 1267 epularum
837 1215 948 1255 uenit
971 1224 1011 1255 et
1031 1215 1118 1267 ipse

253 1279 510 1318 Waltharius
532 1278 694 1330 magnis
715 1278 907 1318 instruxit
926 1279 1161 1330 sumptibus
1181 1291 1308 1317 escas.

257 1341 439 1381 Luxuria
461 1342 501 1380 in
522 1341 659 1381 media
679 1341 886 1381 residebat
906 1341 1086 1393 denique
1107 1355 1249 1380 mensa

254 1407 574 1458 Ingrediturque
594 1407 730 1445 aulam
754 1406 855 1445 uelis
876 1420 947 1445 rex
969 1406 1154 1457 undique
1175 1414 1348 1457 septam.

257 1472 394 1511 Heros
416 1471 706 1523 magnanimus
727 1471 849 1510 solito
870 1485 994 1522 quem
1017 1471 1145 1510 corde
1166 1471 1347 1510 salutans

255 1537 444 1576 Duxerat
463 1536 517 1575 ad
537 1537 700 1576 solium.
758 1537 871 1587 quod
894 1535 1072 1587 compsit
1093 1536 1226 1575 bissus
1247 1544 1287 1574 et
1308 1543 1476 1574 ostrum.

253 1601 454 1641 Consedit
473 1601 674 1653 laterique
695 1602 823 1640 duces
844 1601 938 1639 hinc
959 1600 1140 1652 indeque
1162 1600 1283 1639 binos

252 1666 472 1706 Assedisse
493 1666 617 1706 iubet.
675 1666 855 1717 reliquos
875 1666 983 1705 locat
1003 1665 1091 1716 ipse
1112 1664 1307 1704 minister.

251 1731 460 1771 Centenos
480 1731 603 1770 simul
623 1730 835 1770 accubitus
857 1730 982 1769 iniere
1002 1730 1166 1769 sodales

255 1795 538 1847 Diuersasque
559 1796 690 1847 dapes
711 1796 842 1834 libans
864 1794 1041 1834 conuiua
1062 1794 1253 1833 resudat:

255 1860 333 1900 His
353 1869 394 1900 et
413 1860 584 1900 sublatis
604 1860 706 1899 aliae
727 1860 958 1899 referuntur
978 1859 1167 1898 edendae

252 1925 396 1977 Atque
417 1925 668 1978 exquisitum
691 1925 877 1964 feruebat
897 1924 1055 1976 migma
1074 1937 1149 1975 per
1168 1936 1327 1961 aurum.

252 1991 393 2030 Aurea
412 1990 568 2029 bissino
588 1998 746 2030 tantum
767 1998 876 2029 stant
895 2002 1082 2040 gausape
1104 2001 1202 2027 uasa

255 2055 308 2095 Et
328 2055 610 2107 pigmentatus
631 2064 809 2094 crateres
832 2054 1019 2093 Bacchus
1039 2053 1235 2092 adornat:

255 2120 373 2159 Illicit
392 2120 445 2159 ad
467 2120 659 2159 haustum
680 2119 840 2171 species
861 2119 1126 2170 dulcedoque
1147 2127 1283 2169 potus,

253 2185 510 2225 Waltharius
531 2193 700 2224 cunctos
721 2184 774 2223 ad
796 2184 938 2222 uinum
961 2184 1148 2222 hortatur
1168 2191 1208 2222 et
1228 2194 1354 2221 escas.

311 2250 492 2301 Postque
513 2249 645 2302 epulis
665 2249 888 2300 absumpta
907 2248 1025 2300 quies
1047 2259 1300 2298 mensaeque
1320 2253 1513 2289 remotae,

256 2315 394 2354 Heros
415 2315 496 2354 iarn
518 2314 652 2354 dictus
672 2313 889 2353 dominum
911 2313 1113 2352 laetanter
1132 2311 1307 2350 adorsus

256 2379 416 2431 Inquit:
449 2379 512 2418 ‘in
533 2379 613 2418 hoc
633 2378 771 2430 rogito
791 2378 987 2417 clarescat
1006 2377 1138 2428 gratia
1159 2384 1306 2422 uestra,

255 2443 313 2484 Ut
333 2457 408 2483 uos
428 2443 612 2496 inprimis
632 2443 813 2495 reliquos
834 2455 943 2482 nunc
962 2441 1213 2481 laetificetis.’

256 2509 311 2548 Et
329 2508 451 2548 simul
472 2509 512 2548 in
532 2508 663 2547 uerbo
684 2521 866 2559 nappam
888 2506 1005 2546 dedit
1024 2514 1110 2545 arte
1131 2513 1339 2557 peractam

255 2573 414 2613 Ordine
433 2574 670 2625 sculpturae
691 2572 934 2612 referentem
955 2579 1075 2622 gesta
1096 2570 1294 2622 priorum,

257 2637 393 2689 Quam
415 2652 488 2677 rex
508 2637 714 2689 accipiens
736 2637 886 2676 haustu
906 2643 1154 2675 uacuauerat
1175 2646 1259 2673 uno

257 2702 569 2754 Confestimque
590 2701 703 2741 iubet
722 2701 904 2752 reliquos
924 2699 1118 2739 imitarier
1138 2711 1293 2738 omnes.

257 2766 386 2806 Ocius
406 2774 626 2806 accurrunt
645 2765 867 2817 pincernae
888 2777 1072 2815 moxque
1093 2770 1317 2807 recurrunt,

136 2842 206 2901 '393
229 2869 343 2901 quem
364 2859 518 2900 P.-—-3oo
534 2857 592 2892 bis
609 2842 705 2891 seno
724 2840 878 2899 ?.4304
903 2840 1112 2898 postquam
1140 2855 1177 2887 P.

1545 227 1587 262 ¹3
