1909 3279
95 453 170 490 745

94 777 172 814 750

94 1098 169 1135 755

90 1412 168 1459 760

86 1737 162 1784 765

85 2071 163 2109 770

84 2393 158 2431 775

82 2705 160 2752 780

448 137 561 171 WAJ,
575 138 728 171 THER
757 139 831 172 OF
850 139 1192 181 AQHJTAIME,
1513 158 1557 193 ²5

223 245 305 286 Olli
327 245 580 284 Waltharius
603 245 747 285 ridenti
771 255 938 297 pectore
958 247 1130 286 adorsus
1150 263 1155 286 :

229 314 236 329 ‘
255 311 427 361 Iamque
448 309 518 348 diu
539 310 636 348 satis
657 319 836 361 expecto
857 311 1079 350 certamina
1102 312 1207 351 iusto

231 374 418 413 Pondere
439 374 520 425 agi.
580 373 736 420 festina,
759 374 797 413 in
820 389 885 413 me
908 389 1022 413 mora
1045 390 1124 414 non
1147 377 1221 416 erit
1243 378 1347 416 ullas

231 439 405 478 Dixerat
426 447 466 477 et
487 446 574 478 toto
595 438 768 477 conixus
788 452 963 490 corpore
984 440 1133 478 serrum

227 503 401 543 Conicit.
460 503 576 542 hasta
599 503 742 542 uolans
764 512 907 554 pectus
929 505 1123 544 reserauit
1144 507 1340 557 equinum
1359 522 1365 546 :

227 568 352 607 Tollit
373 581 417 606 se
438 576 639 607 arrectum
664 568 905 619 quadrupes
926 577 964 607 et
986 569 1165 608 calcibus
1185 584 1305 609 auras

230 634 431 673 Uerberat
452 632 754 684 effundensque
774 633 953 683 equitem
977 634 1123 673 cecidit
1144 649 1268 686 super
1289 636 1413 675 illum.

228 697 417 737 Accurrit
438 697 597 736 iuuenis
618 706 658 736 et
679 697 714 736 ei
737 697 774 735 ui
796 697 936 748 diripit
959 712 1114 737 ensem.

228 762 402 803 Casside
422 762 608 801 discussa
630 762 762 801 crines
783 763 1053 813 conplectitur
1073 764 1188 803 albos

227 827 564 879 Multiplicesque
585 840 730 878 preces
752 827 927 866 nectenti
951 827 1110 867 dixerat
1133 829 1253 867 heros
1273 844 1279 868 z

227 892 367 931 ‘Talia
389 905 472 931 non
492 891 653 930 dudum
676 891 855 930 iactabas
876 892 985 930 dicta
1007 906 1080 943 per
1099 893 1246 932 auras*

230 958 347 995 Haec
367 956 422 995 ait
443 964 483 995 et
503 964 691 995 truncum
715 964 825 995 secta
846 956 1004 994 ceruice
1027 957 1200 1008 reliquit.

281 1019 365 1059 Sed
388 1033 470 1058 non
491 1019 729 1058 dementem
752 1019 827 1058 tria
848 1018 935 1057 uisa
955 1019 1157 1058 cadauera
1178 1029 1330 1061 terrent

227 1083 527 1124 Guntharium:
559 1082 672 1122 iubet
692 1083 745 1121 ad
768 1092 942 1122 mortem
966 1097 1188 1135 properare
1210 1085 1399 1125 uicissim.

228 1150 291 1188 En
312 1162 335 1187 a
356 1147 562 1187 saxonicis
583 1147 665 1187 oris
689 1147 875 1186 Ekeurid
896 1157 1117 1198 generatus

226 1214 410 1265 Quartus
430 1213 649 1264 temptauit
669 1212 835 1258 bellum,
857 1212 927 1264 qui
948 1226 1025 1264 pro
1046 1227 1145 1252 nece
1166 1213 1269 1254 facta

225 1278 452 1318 Cuiusdam
478 1277 665 1329 primatis
686 1291 736 1316 eo
757 1276 978 1328 diffugerat
999 1279 1106 1317 exul.

222 1344 359 1394 Quem
381 1342 530 1394 spadix
551 1342 743 1393 gestabat
763 1355 895 1393 equus
918 1342 1086 1381 maculis
1108 1343 1299 1383 uariatus.

227 1408 307 1447 Hic
327 1408 396 1446 ubi
418 1407 696 1446 Waltharium
720 1415 960 1458 promptum
984 1407 1097 1446 uidet
1118 1421 1207 1447 esse
1227 1409 1387 1448 duello:

220 1477 229 1493 ‘
247 1473 352 1518 Dic‚'
374 1472 429 1512 ait
451 1476 526 1510 ‘an
548 1485 700 1523 corpus
721 1480 888 1522 uegetet
909 1472 1119 1511 tractabile
1140 1481 1266 1512 temet

222 1538 320 1578 Siue
341 1551 415 1589 per
435 1537 566 1576 aerias
587 1536 699 1575 fallas
722 1536 940 1575 maledicte
962 1536 1114 1587 figuras
1132 1537 1147 1575 ?

221 1602 404 1643 Saltibus
425 1610 612 1641 assuetus
633 1601 779 1640 faunus
801 1601 900 1639 mihi
922 1601 1079 1652 quippe
1101 1602 1278 1641 uideris.‘

277 1667 434 1719 Illeque
455 1666 619 1706 sublato
640 1665 756 1705 dedit
777 1666 880 1704 haee
901 1679 1098 1715 responsa
1119 1667 1314 1706 cachino:

221 1732 400 1773 ‘Celtica
419 1732 560 1783 lingua
582 1731 730 1783 probat
750 1739 790 1770 te
811 1744 861 1769 ex
884 1730 949 1769 illa
969 1741 1094 1781 gente
1115 1740 1294 1771 creatum

219 1798 296 1838 Cui
318 1805 462 1837 natura
482 1796 598 1836 dedit
619 1796 797 1848 reliquas
818 1796 1004 1835 ludendo
1025 1796 1196 1847 praeire.

220 1864 277 1903 At
296 1862 386 1902 site
407 1861 578 1913 propius
600 1860 835 1900 uenientem
858 1860 1030 1899 dextera
1052 1869 1190 1915 nostra

219 1927 420 1978 Attingat,
442 1934 536 1978 post
557 1925 792 1965 Saxonibus
814 1938 1044 1964 memorare
1066 1925 1232 1969 ualebis.

218 1994 280 2032 Te
301 2005 409 2031 nunc
430 1991 469 2030 in
490 1991 663 2042 Vosago
684 1990 792 2029 fauni
814 1990 1015 2029 fantasma
1038 1990 1206 2029 uidere.’

219 2056 506 2108 ‘Attemptabo
527 2055 710 2107 quidem,
733 2055 835 2106 quid
851 2055 932 2100 sis‚’
957 2055 1141 2093 Ekeurid
1163 2055 1228 2101 ait,
1252 2070 1298 2094 ac
1321 2071 1416 2096 mox

220 2123 433 2161 Ferratam
455 2133 627 2159 cornum
650 2119 831 2171 grauiter
851 2119 955 2158 iacit.
1014 2119 1079 2157 illa
1101 2127 1254 2159 retorto

218 2186 379 2225 Emicat
399 2193 630 2224 ammento:
661 2197 787 2235 quarn
809 2184 934 2223 duras
955 2183 1133 2235 fregerat
1154 2185 1293 2224 umbo.

269 2250 526 2290 Waltharius
547 2256 689 2288 contra
711 2248 924 2299 respondit
944 2248 1116 2299 cuspide
1137 2249 1283 2288 missa:

216 2319 224 2334 ‘
242 2316 358 2354 Haec
378 2314 450 2354 tibi
471 2314 653 2353 Siluanus
675 2313 947 2364 transpondet
970 2326 1139 2352 munera
1161 2313 1315 2353 faunus.

216 2379 381 2432 Aspice,
404 2393 500 2418 num
525 2391 648 2429 mage
668 2377 719 2417 sit
739 2378 863 2417 telum
888 2377 1374 2429 penetrabile'nostrum.'

217 2445 379 2483 Lancea
399 2443 562 2483 taurino
583 2450 824 2481 contextum
848 2450 1013 2493 tergore
1034 2441 1190 2493 lignum

216 2508 378 2548 Diffidit
397 2521 445 2547 ac
465 2507 644 2548 tunicam
666 2506 858 2545 scindens
879 2506 1077 2558 pulmone
1098 2506 1261 2546 resedit.

215 2571 408 2611 Uoluitur
428 2570 567 2610 infelix
590 2569 775 2608 Ekeurid
797 2568 1015 2620 riuumque
1036 2569 1192 2607 cruoris

217 2635 407 2675 Euomit:
438 2649 489 2674 en
510 2642 685 2673 mortem
707 2633 867 2684 fugiens
888 2633 1054 2672 incurrit
1074 2633 1260 2672 eandem.

214 2701 343 2741 Cuius
364 2713 518 2752 equum
541 2698 701 2738 iuuenis
722 2707 817 2750 post
836 2706 998 2749 tergum
1021 2698 1059 2736 in
1079 2711 1250 2749 gramen
1271 2699 1420 2750 abegit.

56 2779 60 2781 ’
99 2804 160 2836 742
179 2794 238 2827 lili
258 2778 408 2835 iia-'5585‘
426 2777 487 2827 {ne
506 2776 659 2834 pss-‘7722
675 2775 891 2833 transponit
910 2791 948 2824 P.
