1909 3279
400 155 512 188 WAL
527 155 680 188 THER
709 156 782 190 OF
800 156 1144 198 AQUITAJAJ'E.
1483 174 1529 211 57

692 263 799 303 CAP.
822 264 874 303 xi.

38 349 266 435 ABBAS
287 358 423 390 autem
446 363 544 389 mox
560 349 680 401 jussit
701 350 944 401 congregari
967 350 1119 395 fratres,
1142 352 1292 402 quibus
1314 353 1530 393 insinuavit

173 428 338 454 omnem
373 413 429 453 rei
459 422 667 453 eventum.
729 414 827 454 Erat
856 423 991 454 autem
1024 424 1120 454 tunc
1150 425 1266 467 pater
1298 430 1525 468 congrega-

35 479 156 520 tionis
204 479 388 518 eiusdem
439 478 689 523 monasterii,
730 479 894 517 nomine
934 480 1159 525 Asinarius,
1200 481 1260 519 vir
1306 482 1529 522 sanctitatis

34 544 228 596 egregius
252 543 473 582 Francicus
494 556 660 594 genere,
685 543 820 582 multis
851 543 1012 594 fulgens
1033 545 1263 584 virtutibus.
1322 546 1398 585 Cui
1433 560 1525 586 cum

33 623 138 648 unus
178 608 344 647 nomine
383 607 622 652 Waltarius,
663 607 793 651 cui,²¹0
830 608 1020 659 superius
1061 610 1301 648 memoriam
1344 610 1526 656 fecimus,

35 673 327 725 respondisset,
368 680 412 711 ut
450 672 691 723 diligeretur
730 672 809 710 illic
825 680 870 696 ²¹¹
911 673 1121 724 predictus
1161 683 1277 725 pater
1321 676 1526 727 sapientes

30 737 185 783 fratres,
207 738 261 776 ob
282 750 459 788 quorum
484 736 770 788 precacionem
794 737 891 776 tanti
913 737 1065 776 sumtui
1080 746 1126 762 ²¹²
1147 739 1400 779 dimitterent
1422 740 1521 779 iam-

33 803 130 842 dicti
152 802 361 854 predones
383 801 646 856 invationem.
708 801 943 852 Respondit
963 802 1149 853 protinus
1170 803 1304 842 eidem
1327 804 1467 851 abbas,
1490 814 1529 844 et

35 868 112 907 ait:

87 941 261 992 “Quem
298 940 609 992 prudentiorem
641 949 680 979 et
715 940 1006 991 sapientiorem
1043 950 1082 980 te
1112 941 1272 981 mittere
1308 944 1527 994 possimus.

33 996 202 1035 omnino
232 995 482 1046 ignoramus.
541 994 601 1032 Te
631 1002 781 1040 autem,
803 993 937 1039 frater,
960 1008 1112 1034 moneo
1141 1009 1187 1033 ac
1222 995 1356 1042 iubeo,
1378 998 1528 1037 utcele-

33 1049 116 1088 rius
153 1049 206 1088 ad
245 1062 316 1087 eos
355 1061 519 1099 pergas,
560 1047 763 1098 nobisque
802 1047 954 1087 victum
995 1048 1033 1086 vi
1073 1057 1234 1099 raptum
1282 1051 1528 1101 quantocius

35 1101 431 1194 reddgre'festinent
466 1109 656 1140 moneto:
687 1100 869 1152 alioquin
899 1101 1094 1140 citissime
1115 1103 1154 1140 in
1183 1103 1297 1153 gravi
1320 1104 1377 1142 ira
1399 1104 1529 1143 incur-

35 1164 105 1196 ant
171 1155 246 1195 ei.'

89 1242 145 1281 At
165 1241 390 1280 Waltarius
411 1254 504 1279 cum
526 1240 648 1279 sciret
668 1239 918 1279 conscientie
938 1254 1011 1279 sue
1033 1240 1192 1280 illorum
1211 1243 1529 1281 contumaciam-³

33 1306 138 1345 ferre
172 1319 255 1345 non
290 1319 425 1357 posse,
447 1304 683 1356 respondit:
719 1318 763 1343 se
784 1305 1083 1344 denudandum
1119 1306 1171 1344 ab
1207 1306 1304 1358 ipsis
1334 1307 1527 1351 tunicam,

35 1385 158 1423 quam
181 1371 382 1423 gestabat,
444 1370 656 1409 Predictus
677 1383 776 1408 vero
798 1378 926 1421 pater,
948 1383 1040 1408 cum
1063 1379 1170 1410 esset
1200 1372 1428 1423 religiosus,
1450 1372 1527 1412 ait:

89 1452 109 1466 “
126 1447 169 1487 Si
190 1446 463 1486 abstraxerint
483 1460 506 1484 a
527 1454 566 1485 te
582 1445 775 1488 tunicam,
793 1445 846 1484 da
868 1445 942 1485 illis
957 1454 996 1485 et
1012 1447 1212 1485 cucullam
1230 1462 1237 1485 :
1268 1447 1422 1494 dicens,
1438 1461 1527 1499 pre-

36 1510 202 1552 ceptum
224 1501 296 1540 tibi
311 1509 359 1532 ²¹⁴
380 1499 503 1539 fuisse
524 1513 546 1538 a
569 1499 799 1538 fratribus.'⁷

90 1589 168 1629 Cui
189 1587 439 1627 Waltarius:

88 1666 240 1716 “Ergo
259 1664 313 1703 de
333 1663 505 1715 pellicia,
527 1676 574 1701 ac
593 1663 647 1702 de
668 1662 840 1701 interula
861 1662 962 1713 quid
983 1662 1163 1702 facturus
1183 1677 1273 1702 sum
1290 1664 1306 1702 ?
1321 1666 1341 1679 ’'

90 1749 327 1802 Respondit
347 1748 607 1788 venerandus
629 1757 744 1799 pater
765 1756 804 1787 et
824 1748 900 1787 ait:

87 1831 108 1846 “
126 1826 277 1872 Dicito,
299 1834 340 1865 et
360 1839 412 1864 ex
433 1824 508 1863 illis
529 1824 601 1864 tibi
621 1838 645 1862 a
665 1823 854 1863 fratribus
886 1837 1017 1875 aeque
1038 1838 1061 1862 a
1091 1824 1281 1865 fratribus
1312 1825 1434 1866 fuisse
1455 1827 1528 1866 im-

36 1879 265 1932 peratum.”

88 1968 208 2006 Tunc
228 1966 454 2005 Waltarius
470 1980 477 2004 ι

85 2043 286 2084 Obsecro.
309 2041 364 2080 mi
387 2041 581 2086 Domine,
599 2054 650 2079 ne
671 2040 868 2085 irascaris,
883 2040 915 2079 si
936 2040 1050 2091 loqui
1066 2040 1237 2080 addero.
1298 2042 1364 2081 De
1380 2043 1528 2083 femor-

32 2097 110 2136 alia
121 2104 170 2127 215
189 2096 290 2147 quid
312 2095 397 2140 erit,
419 2094 452 2133 si
473 2094 658 2133 similiter
678 2093 883 2132 voluerint
903 2093 1047 2140 facere,
1070 2103 1113 2134 ut
1144 2095 1256 2146 prius
1277 2095 1489 2136 fecerunt?
1507 2100 1526 2111 ’“

89 2180 143 2218 Et
163 2179 291 2217 abbas
308 2193 316 2216 :

84 2260 107 2274 “
122 2256 207 2293 Iam
229 2254 301 2293 tibi
322 2253 509 2305 predicta
529 2252 695 2291 suffitiat
717 2252 945 2291 humilitas:
978 2266 1071 2290 nam
1093 2253 1147 2291 de
1167 2252 1431 2294 femoralibus
1453 2256 1523 2295 tibi

31 2308 142 2348 aliud
176 2321 259 2347 non
280 2307 519 2359 precipiam,
541 2319 633 2344 cum
667 2319 819 2357 magna
841 2306 958 2345 nobis
979 2306 1169 2345 videatur
1200 2306 1286 2345 fore
1318 2308 1523 2349 humilitas

34 2363 215 2414 priorum
236 2361 413 2400 vestium
439 2359 723 2411 exspoliatio.'’

87 2448 241 2488 Exiens
262 2461 361 2486 vero
381 2446 606 2485 Waltarius
626 2459 718 2484 cum
741 2446 835 2484 talia
855 2446 1037 2486 audisset
1057 2460 1080 2484 a
1096 2454 1210 2486 tanto
1227 2455 1414 2498 patrono,
1431 2463 1523 2489 coe-

30 2514 90 2566 pit
122 2527 145 2551 a
173 2512 324 2551 familia
357 2511 562 2563 queritare
583 2510 831 2557 monasterii,
853 2524 904 2549 an
925 2511 1145 2550 haberetur
1177 2511 1229 2549 ibi
1252 2512 1522 2559 caballum,21⁶

30 2578 94 2618 cui
114 2577 264 2616 fiducia
284 2576 435 2615 inesset
455 2575 646 2620 bellandi,
668 2575 700 2613 si
731 2575 952 2614 necessitas
982 2584 1264 2626 cogeretur.²¹⁷
1320 2576 1396 2615 Cui
1427 2591 1519 2618 cum

33 2642 173 2682 famuli
203 2641 330 2693 ipsius
363 2640 573 2680 aecclesiae
608 2639 933 2691 respondissent,
969 2640 1102 2678 bonos
1136 2649 1175 2678 et
1214 2639 1337 2680 fortes
1372 2642 1524 2682 habere

31 2721 153 2759 poene
191 2719 235 2745 se
273 2705 455 2751 essedos,
491 2712 660 2756 repente
692 2704 815 2755 jussit
853 2718 924 2743 eos
954 2704 1030 2743 sibi
1068 2704 1276 2743 adsistere.
1361 2706 1522 2756 Quibus

77 2821 141 2844 210
168 2809 398 2852 cujus.—211
429 2808 613 2852 dirigeret
641 2807 856 2842 illuc.—212
884 2814 1157 2849 sumtus—213
1182 2808 1525 2844 contumaciam.—

35 2875 99 2907 214
114 2865 232 2899 dicito
250 2864 443 2906 tibi.—215
460 2862 837 2897 femoralibus.—216
854 2863 1152 2902 caballus—217
1177 2868 1346 2904 cogeret.
