1909 3279
255 179 327 216 162
613 172 894 207 WALTHER
922 173 996 207 OF
1013 172 1362 214 AQUJTAINE.

247 282 325 316 and
340 281 446 316 Celts
464 279 661 323 surprised
677 279 800 313 Attila
817 285 856 313 at
870 279 1035 313 Orleans
1053 279 1131 313 and
1145 279 1290 314 caused
1309 280 1387 313 him
1406 286 1445 314 to
1464 285 1606 314 retreat
1623 286 1665 314 to
1681 280 1747 315 the

248 337 352 380 plain
378 336 422 370 of
435 336 690 378 Champagne
717 334 894 368 between
914 335 1084 368 Chalons
1112 335 1189 368 and
1207 335 1368 368 Verdun
1396 345 1450 375 or,
1471 335 1682 378 according
1708 341 1748 369 to

245 392 434 436 Jordanes
462 390 539 425 and
569 389 626 423 his
645 390 839 432 authority
869 389 1140 437 Cassiodorus,
1164 395 1205 423 to
1233 390 1299 423 the
1325 390 1580 424 Catalaunian
1610 390 1747 433 plains.

252 448 357 481 Here
371 446 436 480 the
454 445 595 480 armies
613 450 693 478 met
710 444 786 478 and
806 444 843 478 in
861 445 945 478 that
959 444 1309 479 world-renowned
1328 445 1449 479 battle
1467 445 1591 479 which
1610 446 1749 479 turned

251 501 316 535 the
348 499 428 533 tide
461 499 504 533 os
532 498 685 531 Hunish
718 503 928 540 conquests
961 497 1057 532 from
1098 498 1164 532 the
1193 498 1305 532 West
1336 498 1413 531 and
1456 498 1644 532 banished
1685 499 1750 533 the

255 559 276 573 “
290 556 464 597 Scourge
482 554 524 588 of
537 553 626 588 God
642 553 665 567 '‘
685 553 781 586 from
799 553 865 587 the
883 553 1008 587 banks
1027 553 1070 587 os
1081 553 1146 587 the
1166 553 1303 587 Rhine.
1344 553 1429 587 The
1447 553 1643 596 following
1660 565 1753 596 year

251 611 408 654 (452—53)
451 609 573 643 Attila
606 607 809 642 advanced
844 607 925 642 into
955 608 1052 651 Italy
1085 608 1161 641 and
1198 608 1414 651 plundered
1459 608 1653 652 Aquileja,
1687 609 1753 643 the

251 665 444 700 Venetian
477 663 666 706 territory,
698 663 763 697 the
790 662 894 705 plain
921 663 964 697 os
991 663 1213 706 Lombardy
1242 674 1340 697 even
1367 668 1408 697 to
1433 663 1499 697 the
1533 664 1598 698 Po.
1647 664 1753 697 Soon

253 721 349 755 aster
366 720 440 754 this
459 719 560 762 (453),
577 718 699 752 Attila
718 717 809 751 died
827 717 871 751 of
889 718 1146 760 hemorrhage
1165 729 1215 751 on
1232 718 1298 752 ‘the
1317 718 1440 752 bridal
1460 718 1569 761 night
1586 718 1676 752 with
1695 718 1754 752 his

253 787 337 810 new
355 774 440 809 wife
459 773 593 808 Ildico.

298 884 406 928 Erca,
439 880 779 920 He10h0.-Besore
823 881 1056 923 attempting
1093 892 1167 924 any
1207 881 1423 915 discussion
1457 880 1501 915 of
1533 881 1600 915 the
1644 881 1754 915 three

253 939 434 973 different
466 948 600 971 names
632 936 748 979 given
780 941 820 970 to
845 935 1002 969 Attila's
1035 946 1160 979 queen
1193 935 1230 969 in
1263 936 1329 970 the
1353 936 1530 970 Walther
1558 936 1674 979 Saga,
1703 936 1756 970 let

253 1005 297 1028 us
315 1005 382 1028 see
400 992 431 1026 is
448 998 573 1026 traces
592 991 635 1025 of
653 991 759 1025 them
778 1001 844 1024 are
862 996 902 1024 to
920 991 967 1024 be
993 990 1112 1024 found
1130 990 1167 1024 in
1184 991 1343 1034 history.
1395 992 1501 1025 Here
1526 992 1699 1025 mention
1725 991 1755 1025 is

255 1049 370 1083 made
385 1048 511 1082 oftwo
525 1046 733 1081 ofAttila's
748 1056 956 1079 numerous
972 1045 1102 1085 wives,
1118 1046 1251 1080 Kreka
1264 1046 1361 1088 (Lat.
1377 1046 1513 1086 Cerca)
1525 1046 1602 1080 and
1618 1046 1753 1086 Ildico,

256 1105 386 1139 whose
404 1113 539 1137 names
557 1112 622 1136 are
641 1106 708 1134 not
725 1100 857 1134 unlike
876 1101 975 1134 Erca
992 1101 1069 1134 and
1090 1101 1241 1135 Helche
1260 1101 1303 1135 of
1315 1111 1385 1135 our
1403 1102 1518 1143 Saga.

300 1159 445 1192 Kreka.
496 1157 646 1191 Priscus
657 1164 691 1181 20
714 1156 823 1199 gives
848 1155 913 1189 the
939 1155 1136 1198 following
1161 1161 1326 1190 account
1355 1156 1399 1190 of
1426 1156 1570 1197 Kreka,
1598 1156 1756 1190 Attila’s

256 1225 404 1258 queen:

298 1278 402 1321 Ἐγώ
421 1277 465 1311 δὲ
486 1278 534 1321 τῇ
552 1276 751 1320 ὑστεραίᾳ
772 1278 825 1310 εἰς
843 1275 918 1309 τὸν
933 1271 1104 1312 Ἀττήλα
1122 1276 1322 1317 περίβολν
1340 1271 1620 1318 ἀφικνοῦμαι,
1640 1277 1757 1318 δῶρα

257 1333 306 1376 τῇ
323 1329 457 1366 αὐτοῦ
474 1332 651 1370 κομίζων
668 1330 844 1374 γαμετῇ’
894 1330 1034 1371 Κρέκα
1051 1330 1093 1362 δὲ
1113 1324 1248 1371 ὄνομα
1266 1325 1390 1373 αὐτῇ,
1411 1330 1449 1368 ἐξ
1466 1322 1509 1373 ἧς
1526 1325 1644 1374 αὐτῷ
1665 1335 1754 1363 παῖ-

256 1387 321 1420 δες
344 1384 608 1429 ἐγεγόνεσαν
633 1388 754 1427 τρεῖς,
776 1376 836 1416 ὧν
856 1382 876 1417 ὁ
909 1380 1186 1426 πρεσβύτερος
1207 1376 1303 1426 ἦρχε
1328 1384 1414 1416 τῶν
1434 1379 1660 1426 Ἀκατίρων
1684 1387 1755 1417 καὶ

257 1440 343 1473 τῶν
361 1433 536 1473 λοιπῶν’
551 1439 684 1472 ἐθνῶν
716 1438 961 1478 νεμομένων
994 1436 1069 1480 τήν
1100 1436 1198 1478 πρὸς
1229 1436 1304 1470 τὸν
1335 1434 1507 1471 Πόντον
1534 1435 1756 1481 Σκυθικήν.

247 1492 399 1527 ’Ένδον
417 1495 459 1527 δὲ
479 1494 554 1527 τοῦ
580 1492 808 1535 περιβόλου
836 1493 1009 1524 πλεῖστα
1037 1491 1284 1533 ἐτύγχανεν
1304 1492 1523 1534 οἰκήματα,
1543 1490 1598 1524 ra*
1614 1492 1691 1532 μὲν
1711 1492 1756 1525 ἐκ

256 1549 443 1582 σανίδων
462 1547 698 1590 ἑγγλύφων
725 1549 797 1579 καὶ
824 1544 1095 1588 ἡρμοσμένων
1122 1546 1175 1578 εἰς
1193 1540 1461 1587 εὐπρέπειαν,
1481 1544 1531 1578 τοὶ
1558 1545 1601 1578 δὲ
1628 1545 1674 1578 ἐκ
1690 1546 1755 1579 δο-

258 1602 347 1635 κῶν
372 1603 697 1643 κεκαθαρμὲνων
724 1603 796 1633 καὶ
824 1598 921 1641 πρὸς
947 1594 1151 1641 εὐθύτητα
1178 1599 1476 1641 ὲπεξεσμένων,
1501 1594 1754 1642 ἐμβεβλημέ-

259 1668 348 1689 νων
367 1656 409 1689 δὲ
426 1655 559 1695 ξύλοις
578 1653 789 1700 [κύκλους]
819 1646 1106 1689 ἀποτελοῦσιν·
1126 1654 1164 1687 οἰ
1190 1653 1233 1685 δὲ
1251 1650 1397 1686 κύκλοι
1417 1648 1465 1686 ἐκ
1483 1652 1556 1686 τοῦ
1575 1648 1758 1695 ἐδάφους

258 1706 483 1752 α’ρχόμενοι
503 1705 541 1744 ἐς
558 1705 659 1751 ὕψος
676 1705 906 1751 ἀνέβαινον
920 1709 1105 1748 μετρίως.
1130 1703 1332 1742 Ἐνταῦθα
1345 1700 1594 1749 τῆςἈττήλα
1609 1700 1759 1745 ἐνδιαι-

261 1764 438 1805 τωμένης
453 1757 651 1806 γαμετῆς,
670 1761 738 1796 δίοὶ
759 1753 841 1794 τῶν
858 1760 955 1803 πρὸς
973 1752 1022 1804 τῇ
1037 1759 1140 1803 θῧρᾳ
1157 1757 1390 1801 βαρβαρων
1406 1752 1551 1800 ἔτυχον
1577 1757 1754 1803 εἰσόδου,

259 1819 330 1850 καὶ
348 1812 403 1851 αὖ
412 1817 483 1860 τήν
499 1813 563 1853 inci
581 1815 819 1858 στρώματος
832 1807 1031 1857 μαλακοῦ
1045 1813 1240 1856 κειμένην
1256 1812 1513 1855 κατέλαβον,
1529 1817 1611 1847 τοῖς
1627 1809 1675 1847 ἐκ
1693 1808 1758 1858 τῆς

261 1866 380 1911 ἒρεάς
397 1873 586 1906 πιλωτοῖς
605 1864 680 1905 τοῦ
697 1866 877 1913 ἐδάφους
901 1864 1171 1909 σκεπομένου,
1187 1863 1291 1901 ὥστε
1310 1863 1369 1901 ἐπ’
1391 1860 1535 1901 αὐτῶν
1561 1868 1759 1910 βαδίζειν.

262 1927 454 1967 Περιεῑπε
482 1927 524 1960 δὲ
551 1921 686 1968 αὐτὴν
713 1925 972 1967 θεραπόντων
999 1916 1141 1964 πλῆθος
1163 1920 1318 1965 κύκλω·
1337 1925 1408 1955 καὶ
1435 1922 1679 1965 θεροίπανιαι
1693 1916 1759 1957 ἔπι

319 2007 393 2042 τοῦ
411 2002 590 2047 ἐδάφους
617 1999 797 2042 α’ντικρῖ)
827 1990 952 2040 αὐτῆς
979 1995 1205 2038 καθήμεναι
1227 1988 1371 2026 ὖθόνας
1393 1988 1582 2031 χροόμασι
1602 1984 1818 2019 διεποίκιλ-

316 2064 410 2102 λον,
424 2057 780 2100 ὲπβληθησομένας
794 2052 890 2094 πρὸς
903 2049 1058 2090 κόσμον
1073 2044 1311 2091 ἐσθημάτων
1328 2040 1618 2086 βαρβαρικῶν.
1639 2039 1818 2096 Προσελ-

318 2116 401 2149 θών
421 2115 566 2146 τοίνυν
585 2113 655 2142 καὶ
675 2108 723 2141 τα“
744 2100 859 2148 δῶρα
874 2105 979 2147 μετα
1001 2105 1074 2137 τὸν
1098 2099 1319 2140 α’σπασμὸν
1338 2098 1434 2132 δούς
1451 2095 1662 2138 ὑπεξηέιν,
1676 2095 1820 2153 καὶεπὶ

321 2169 370 2203 τοὶ
390 2164 513 2209 ἕτερα
531 2164 725 2206 ἐβάδιζον
746 2159 983 2202 οἰικήματα,
1000 2159 1046 2191 ὲν
1067 2153 1121 2191 οἷς
1139 2155 1373 2196 διατρίβειν
1393 2151 1467 2184 τὸν
1483 2146 1680 2189 Ἀττήλαν
1700 2146 1821 2207 ετῖἱγ-ι

321 2233 471 2265 χανεν,
501 2215 834 2258 α’πεκδεχόιιενος
871 2212 992 2247 ὁπότε
1021 2208 1220 2250 ἐπεξέλθοι
1245 2203 1491 2249 Ὀνηγήσιος·
1511 2199 1587 2245 ἤδη
1626 2201 1714 2244 γάρ
1741 2210 1825 2233 απο

325 2269 410 2310 τοῖιν
438 2270 574 2308 αὐτοῦ
603 2266 841 2311 οἰκημάτων
870 2266 1094 2308 ἐξεληλύθει
1124 2275 1193 2297 και
1213 2253 1430 2302 ἔνδον-ἧν.
1477 2255 1644 2294 Μεταξύ
1680 2255 1721 2287 δὲ
1752 2253 1826 2287 τοῦ

323 2328 478 2364 παντὸς
496 2326 712 2363 ἱστάμενος
730 2321 899 2364 πλήθους
916 2317 1143 2362 (γνώριμός
1157 2328 1199 2350 τε
1217 2315 1305 2358 γάρ
1323 2307 1384 2346 ὤν
1408 2317 1497 2345 τοτς
1510 2306 1680 2352 ’Λττήλα
1698 2320 1822 2350 φρου-

322 2386 406 2426 ροῖς
432 2381 502 2414 καὶ
521 2382 601 2411 τοῖς
619 2374 916 2416 παρεπομένοις
934 2367 1051 2414 αὐτῷ
1068 2366 1299 2412 βαρβάροις
1317 2360 1382 2399 ὑπ’
1403 2359 1574 2397 οὐδενός
1601 2361 1825 2418 διεκωλυοι

326 2442 440 2479 μην),
461 2430 573 2467 εἶδον
604 2430 744 2471 πλῆθος
770 2425 1055 2468 πορευόμενον
1084 2426 1154 2456 καὶ
1180 2421 1304 2463 θροῦν
1332 2420 1402 2451 καὶ
1429 2416 1607 2457 θόρυβον
1630 2417 1720 2475 περι
1751 2425 1824 2446 τον

328 2491 460 2524 τόπου
477 2487 733 2530 γινόμενον,
755 2479 805 2514 ὠς
824 2476 1087 2520 τοῦἈττη’λα
1106 2474 1354 2514 ὑπεξιόντος.
1402 2468 1554 2514 Προῄει
1582 2470 1623 2503 δὲ
1646 2481 1717 2503 του
1742 2470 1822 2502 οἰκ-

328 2546 482 2589 ηἰιατος
501 2541 681 2579 βαδίζων
699 2536 904 2577 σοβαρῶς,
921 2534 1016 2577 τῇδε
1035 2527 1159 2564 κάκεῖ
1175 2527 1542 2570 περιβλεπόμενος.
1571 2523 1637 2557 εΩς
1654 2524 1695 2556 δὲ
1714 2521 1828 2579 ὑπεξ-

330 2599 455 2633 ελθών
481 2595 562 2629 σύν
583 2594 639 2626 τῶ
660 2588 880 2633 Ὀνηγησίω
905 2583 999 2629 ἔστη
1018 2586 1095 2626 πρὸ
1121 2586 1193 2618 τοῦ
1215 2583 1456 2625 οἰκήματος,
1485 2579 1627 2613 πολλοὶ
1647 2578 1719 2618 (δὲ)
1742 2588 1825 2610 των

331 2632 651 2694 ἀμφισβητήσεις
676 2646 776 2686 πρός
803 2638 1008 2684 ἀλλήλους
1036 2637 1219 2680 ἑχόντων
1248 2634 1475 2679 προσῄεσαν
1501 2636 1570 2666 καὶ
1599 2631 1668 2671 τήν
1697 2626 1831 2665 αὑτοῦ

332 2710 463 2750 κρίσιν
495 2699 696 2743 ἐδέχοντο.
761 2693 861 2730 Εἶτα
889 2689 1055 2737 ἐπανῄει
1088 2690 1138 2726 ὠς
1157 2693 1203 2725 τὸ
1235 2688 1401 2731 οἴκημα,
1430 2689 1498 2721 καὶ
1531 2687 1717 2728 πρέσβεις
1749 2687 1830 2724 παρ’

334 2759 464 2796 αὐτὸν
480 2755 655 2799 ἥκοντας
672 2749 914 2796 βαρβάρους
933 2750 1109 2789 ἐδέχετο.
1558 2792 1561 2795 v
1663 2789 1671 2797 ,

373 2813 440 2849 Ἐν
460 2811 593 2853 τούτω
611 2809 652 2842 δὲ
672 2807 740 2840 καὶ
756 2804 779 2847 ἡ
795 2804 937 2838 Ῥέκαν
956 2803 1044 2846 (leg.
1065 2802 1134 2834 καὶ
1154 2800 1308 2840 Κρέκα,
1328 2803 1367 2831 ut
1385 2796 1513 2838 supra)
1532 2792 1554 2836 ἡ
1575 2794 1646 2827 τοῦ
1669 2792 1830 2833 Αττήλα

338 2901 594 2948 '*'‚{Mu1'{e'm}³”i
602 2896 780 2948 π”ηὲὲκῖεὲιίεέ
789 2913 794 2922 ·
812 2894 947 2943 (Didius
960 2894 1038 2941 m),
1054 2910 1092 2939 iv,
1106 2909 1148 2940 89,
1162 2916 1203 2940 93-
