1909 3279
326 219 371 244 IO

360 504 432 541 160

361 826 430 873 165

361 1156 433 1193 170

361 1455 431 1515 Ι75

363 1789 435 1825 180

363 2110 434 2156 185

364 2440 436 2476 190

365 2758 434 2795 195

344 2831 346 2833 Ι
381 2831 439 2887 i64
464 2847 602 2881 coniux
622 2847 660 2880 P.

698 200 977 234 WALTHER
1006 199 1079 232 OF
1097 197 1444 245 AQUITAINE.

486 293 786 348 Intolerabilius
807 306 1022 346 consueuit
1042 306 1144 344 ferre
1165 305 1339 343 labores.

486 373 553 411 Nil
574 380 655 411 tam
677 366 798 423 dulce
819 370 930 416 mihi,
953 383 1077 420 quam
1100 368 1266 419 semper
1286 367 1419 406 inesse
1440 366 1551 405 fideli

487 423 707 486 Obsequio
725 434 906 488 domini:
937 447 1065 485 quare
1086 445 1231 484 precor
1251 431 1409 482 absque
1430 430 1555 482 iugali

475 497 559 538 'Me
581 498 716 537 uinclo
737 497 929 549 permitte
951 510 1085 535 meam
1108 495 1186 533 iam
1209 495 1364 533 'ducere
1384 494 1524 533 uitam

487 564 531 603 Si
551 577 645 602 sero
665 571 735 601 aut
756 561 894 615 medio
915 554 1044 600 noctis
1066 559 1164 598 mihi
1185 568 1374 610 tempore
1394 558 1577 604 mandas,

458 637 461 639 '
488 628 557 667 Ad
579 632 868 678 quaecumque
889 625 1004 664 iubes
1025 638 1193 663 securus
1215 632 1255 662 et
1270 623 1344 662 ibo
1366 629 1545 674 paratus.

490 694 537 731 In
557 691 673 731 bellis
694 691 828 749 nullae
849 689 1098 761 persuadent
1118 688 1267 727 cedere
1288 701 1410 726 curae

489 758 576 796 Nec
598 755 679 795 nati
699 763 771 794 aut
790 744 970 797 coniunx
991 753 1299 803 retrahentque
1305 752 1532 803 fugamque
1554 751 1792 790 monebunt.

488 820 653 860 Testor
658 833 733 871 per
752 815 960 871 propriam
982 812 1110 857 temet
1130 825 1247 868 pater
1268 816 1424 868 opti-me
1446 816 1570 855 uitam

488 887 628 937 Atque
649 898 724 936 per
743 880 935 923 inuictam
958 896 1066 928 nunc
1095 890 1263 933 gentem
1290 881 1605 927 Pannoniarum,

488 951 545 1003 Ut
565 963 648 988 non
668 948 836 988 ulterius
857 961 923 1006 me
944 941 1070 1005 cogas
1091 939 1254 985 sumere
1276 946 1445 984 taedas’

490 1000 567 1053 His
586 1012 784 1070 precibus
801 1012 933 1051 uictus
954 1015 1100 1050 suasus
1121 1024 1192 1049 rex
1201 1010 1366 1049 deserit
1387 1023 1532 1049 omnes

471 1078 668 1129 Sperans
689 1071 963 1115 VValtharium
986 1074 1184 1125 fugiendo
1205 1073 1399 1115 recedere
1418 1082 1660 1124 numquam.

543 1142 724 1181 Uenerat
741 1140 896 1180 interea
910 1147 1104 1199 satrapae
1125 1137 1351 1177 certissima
1370 1137 1478 1175 fama

489 1205 711 1260 Quandam
721 1216 841 1262 quae
863 1215 995 1262 nuper
1015 1204 1207 1252 superata
1228 1200 1417 1239 resistere
1437 1209 1606 1251 gentem

488 1271 552 1308 Ac
571 1257 725 1307 bellum
750 1257 884 1306 Hunis
902 1258 1119 1305 confestim
1142 1265 1288 1304 inferre
1308 1273 1507 1316 paratam.

542 1334 660 1372 Tunc
680 1333 734 1387 ad
755 1331 1034 1370 Waltharium
1057 1329 1311 1369 conuertitur
1331 1329 1436 1368 actio
1458 1343 1592 1368 rerum
1611 1344 1617 1368 z

490 1379 572 1449 Qui
593 1411 692 1436 mox
713 1396 898 1435 militiam
919 1389 1156 1447 percensuit
1177 1394 1322 1433 ordine
1343 1402 1472 1456 totam

490 1464 543 1502 Et
562 1454 807 1501 bellatorum
830 1460 1031 1499 confortat
1051 1459 1182 1498 corda
1198 1472 1368 1498 suorum

490 1528 673 1566 Hortaris
694 1525 933 1577 praeteritos
954 1522 1121 1576 semper
1141 1528 1372 1562 memorare
1387 1523 1626 1574 triumphos

491 1591 822 1641 promittensque
844 1589 942 1628 istos
963 1589 1082 1628 solita
1103 1588 1253 1627 uirtute
1273 1595 1471 1638 tyrannos

487 1656 679 1696 Sternere
700 1644 938 1694 et'externis
959 1661 1158 1692 terrorem
1182 1652 1396 1703 imponere
1417 1651 1560 1691 terris.

542 1721 630 1759 Nec
652 1733 779 1765 mora,
796 1718 1014 1769 consurgit
1033 1717 1306 1768 sequiturque
1325 1716 1529 1755 exercitus
1551 1717 1696 1755 omnis.

492 1785 600 1823 Ecce
620 1784 756 1823 locum
779 1796 947 1834 pugnae
968 1780 1244 1833 conspexerat
1265 1788 1316 1820 et
1325 1793 1471 1819 nume1
1473 1789 1581 1820 atam

492 1850 569 1888 Per
588 1849 692 1887 latos
713 1847 844 1886 aciem
865 1860 1036 1898 campos
1057 1845 1230 1897 digessit
1250 1853 1291 1884 et
1310 1858 1448 1893 agros.

493 1914 663 1963 Iamque
685 1908 785 1950 infra
806 1911 958 1950 iactum·
977 1901 1048 1950 teli
1067 1914 1316 1962 congressus
1338 1918 1513 1960 uterque

491 1976 741 2017 Constiterat
761 1989 938 2014 cuneus:
969 1983 1065 2014 tunc
1085 1975 1270 2026 undique
1290 1974 1445 2012 clamor
1465 1974 1518 2012 ad
1539 1987 1660 2013 auras

492 2038 677 2088 Tollitur,
700 2039 949 2079 horrendam
970 2039 1228 2078 confundunt
1248 2038 1416 2077 classica
1435 2052 1582 2077 uocem

491 2093 784 2155 COntinuoque
805 2104 948 2143 hastae
969 2103 1147 2143 uolitant
1163 2103 1258 2142 hinc
1278 2103 1458 2154 indeque
1479 2103 1645 2142 densae.

483 2169 695 2208 'Fraxinus
716 2172 755 2207 et
776 2181 925 2206 cornus
945 2168 1089 2206 ludum
1113 2167 1340 2207 miscebat
1331 2182 1372 2206 m
1392 2181 1518 2205 unum

493 2232 692 2272 Fulminis
713 2229 837 2283 inque
859 2227 1030 2270 modum
1053 2232 1191 2284 cuspis
1212 2232 1372 2271 uibrata
1392 2231 1580 2270 micabat.

490 2298 553 2336 Ac
574 2296 701 2341 ueluti
721 2296 873 2353 boreae
893 2296 969 2335 sub
991 2304 1179 2348 tempore
1201 2296 1270 2335 nix
1291 2297 1522 2348 glomerata

492 2361 722 2413 Spargitur,
745 2361 856 2415 haud
877 2360 992 2399 aliter
1013 2363 1158 2400 saeuas
1180 2361 1311 2400 iecere
1331 2360 1514 2411 sagittas.

494 2427 753 2465 Postremum
775 2425 930 2463 cunctis
952 2433 1128 2476 utroque
1150 2439 1201 2464 ex
1221 2425 1388 2476 agmine
1409 2424 1501 2476 pilis

491 2489 736 2540 Absumptis
758 2494 903 2527 man'us
924 2489 977 2527 ad
1000 2477 1238 2528 mucronem
1261 2489 1437 2528 uertitur
1453 2488 1608 2528 omnis:

495 2552 733 2591 Fulmineos
754 2559 950 2603 promunt
971 2565 1088 2590 enses
1110 2552 1349 2603 clipeosque
1370 2551 1601 2598 reuoluunt,

491 2617 752 2656 Concurrunt
772 2615 879 2654 acies
901 2616 1069 2654 demum
1093 2625 1363 2667 pugnamque
1383 2623 1622 2655 restaurant.

494 2680 733 2719 Pectoribus
755 2679 902 2730 partim
926 2688 1172 2731 rumpuntur
1193 2688 1360 2731 pectora
1383 2693 1584 2730 equorum

493 2743 697 2784 Sternitur
717 2752 756 2783 et
776 2744 983 2794 quaedam
1006 2757 1099 2794 pars
1120 2744 1226 2783 duro
1248 2744 1430 2794 umbone
1451 2743 1646 2784 uirorum.
