1909 3279
442 210 555 244 WAl,
570 210 722 243 THER
750 211 824 244 OF
844 211 878 243 A
889 212 923 252 Q
933 212 993 244 Ul
1002 212 1067 244 TA
1076 212 1186 245 [NE.
1511 225 1558 257 2«)

230 317 480 369 Alpharides
501 331 685 369 parmam
708 318 878 357 demum
901 328 1163 358 concusserat
1186 328 1321 371 aptam

230 383 281 422 Et
301 382 532 434 spumantis
553 382 639 434 apri
662 382 855 421 frendens
876 383 928 422 de
952 397 1065 422 more
1086 384 1257 423 tacebat.

96 458 174 495 900
233 446 304 484 Ille
325 445 442 484 ferire
465 446 608 484 uolens
629 459 673 485 se
695 446 864 497 pronior
884 446 1018 485 omnis
1041 447 1092 485 ad
1116 447 1238 486 ictum

230 510 445 562 Exposuit,
467 510 541 549 sed
563 510 817 549 Waltharius
837 511 914 549 sub
935 511 1116 561 tegmine
1138 511 1268 550 flexus

230 574 400 614 Delituit
423 588 659 626 corpusque
680 589 800 614 suum
824 575 1028 615 contraxit
1050 584 1088 614 et
1109 589 1205 614 ecce

231 639 413 679 Uulnere
433 639 602 678 delusus
624 639 784 679 iuuenis
806 640 1016 679 recidebat
1038 640 1212 691 ineptus.

229 703 341 743 Finis
362 712 460 749 erat,
484 704 558 743 nisi
579 705 693 755 quod
715 705 891 755 genibus
911 705 1056 744 tellure
1078 705 1216 744 refixis

93 781 169 818 905
229 768 409 820 Belliger
423 769 614 808 accubuit
635 769 894 820 calibemque
914 770 992 808 sub
1013 770 1113 808 orbe
1135 769 1318 808 canebat.

230 833 310 872 Hic
329 833 429 872 dum
453 833 677 885 consurgit,
700 834 851 885 pariter
871 848 915 873 se
936 834 1111 885 subrigit
1132 834 1196 872 ille

227 898 290 936 Ac
310 897 429 937 citius
449 906 611 937 scutum
634 898 820 950 trepidus
841 898 916 938 sibi
939 899 1130 950 praetulit
1151 907 1274 949 atque

228 963 395 1002 Frustra
416 971 623 1002 certamen
644 977 847 1003 renouare
868 964 1051 1015 parabat.
1109 972 1149 1003 at
1170 963 1280 1002 illum

226 1027 479 1079 Alpharides
501 1027 581 1066 fixa
601 1028 742 1080 gladio
758 1028 861 1080 petit
882 1029 997 1068 ocius
1019 1029 1134 1067 hasta

91 1104 170 1139 910
227 1092 279 1131 Et
300 1092 479 1131 mediam
502 1093 621 1144 clipei
642 1093 824 1145 dempsit
844 1102 962 1133 uasto
984 1093 1121 1145 inpete
1142 1100 1299 1144 partem

226 1157 420 1196 Amatam
442 1171 632 1197 resecans
653 1158 821 1197 loricam
843 1167 967 1210 atque
989 1158 1053 1196 ilia
1074 1158 1247 1196 nudans.

228 1221 395 1261 Labitur
417 1222 556 1261 infelix
580 1223 772 1262 Pataurid
793 1236 868 1262 sua
889 1223 1046 1262 uiscera
1067 1235 1239 1261 cernens

225 1285 497 1339 Siluestrique
518 1287 627 1326 ferae
648 1301 813 1340 corpus,
835 1288 1013 1326 animam
1036 1286 1153 1327 dedit
1174 1288 1298 1327 Orco.

281 1352 406 1390 Hunc
426 1366 517 1391 sese
538 1353 718 1392 ulturum
741 1353 954 1404 spondens
976 1351 1188 1392 Gerwicus
1204 1350 1344 1396 adiuit,

91 1428 167 1465 915
226 1416 308 1466 Qui
329 1416 420 1456 forti
441 1418 665 1457 subuectus
686 1432 796 1469 equo
815 1418 1056 1470 suprauolat
1076 1430 1241 1456 omnem

224 1480 417 1532 Stragem
440 1495 548 1534 quae
567 1491 783 1534 angustam
807 1483 1067 1522 concluserat
1087 1481 1210 1521 obuia
1229 1480 1386 1519 callem.

228 1545 279 1585 Et
299 1546 399 1585 dum
422 1547 669 1599 bellipotens
690 1556 894 1587 resecaret
914 1548 1018 1586 colla
1040 1545 1219 1592 iacentis,

227 1610 352 1650 Uenit
373 1619 413 1651 et
433 1612 653 1663 ancipitem
676 1612 854 1652 uibrauit
875 1612 913 1650 in
935 1626 1007 1651 ora
1027 1611 1264 1663 bipennem.

226 1675 348 1714 Istius
369 1689 470 1728 ergo
491 1677 605 1716 modi
629 1677 797 1716 Francis
818 1686 914 1716 tunc
936 1690 1049 1715 arma
1068 1676 1192 1715 fuere.

91 1751 169 1787 920
226 1740 301 1779 Uir
321 1741 429 1780 celer
449 1741 599 1782 obiecit
619 1742 769 1794 peltam
793 1741 1000 1781 frustrauit
1021 1749 1061 1781 et
1081 1741 1205 1780 ictum

225 1805 289 1843 Ac
309 1814 418 1845 retro
437 1806 585 1846 saliens
607 1807 765 1846 hastam
789 1806 974 1858 rapiebat
994 1806 1169 1845 amicam

226 1870 596 1923 Sanguineumque
618 1872 712 1911 ulua
734 1872 853 1911 uiridi
874 1871 1085 1911 dimiserat
1106 1883 1262 1910 ensem.

281 1935 361 1974 Hic
382 1950 481 1975 uero
503 1937 726 1976 metuenda
746 1937 878 1976 uirum
901 1945 987 1976 turn
1010 1936 1118 1975 bella
1139 1934 1314 1973 uideres.

225 1999 374 2039 Sermo
395 2001 565 2052 quidem
588 2002 723 2041 nullus
744 2001 817 2041 fuit
837 2001 941 2041 inter
961 2001 1106 2040 martia
1126 1999 1243 2039 tella:

91 2076 168 2113 925
225 2064 294 2103 Sic
314 2073 400 2105 erat
420 2066 599 2105 aduerso
621 2080 737 2106 mens
759 2067 906 2106 horum
930 2066 1084 2105 intenta
1104 2064 1245 2103 duello

226 2130 265 2168 Is
285 2129 390 2176 furit,
414 2138 457 2170 ut
478 2144 620 2170 caesos
642 2132 815 2171 mundet
835 2131 1016 2170 uindicta
1035 2130 1211 2176 sodales,

225 2194 298 2233 Ille
319 2196 459 2235 studet
479 2195 603 2235 uitam
626 2204 715 2236 toto
735 2196 959 2236 defendere
981 2196 1071 2235 nisu

226 2259 290 2306 Et,
312 2260 431 2299 sisors
452 2260 625 2307 dederit,
648 2261 826 2313 palmam
849 2261 1023 2301 retinere
1043 2258 1252 2310 triumphi.

226 2324 307 2363 Hic
327 2324 427 2372 serit,
451 2325 515 2364 ille
536 2334 666 2372 cauet,
689 2325 789 2377 petit
810 2325 888 2373 ille,
910 2325 1132 2365 reflectitur
1152 2324 1250 2363 iste:

90 2401 169 2437 930
224 2389 294 2428 Ad
314 2389 497 2428 studium
519 2389 601 2429 sors
621 2399 662 2430 et
682 2390 810 2430 uirtus
833 2390 1056 2429 miscentur
1076 2389 1115 2428 in
1137 2401 1276 2427 unum.

226 2453 373 2505 Longa
392 2462 529 2493 tamen
550 2468 699 2506 cuspes
719 2454 898 2494 breuiori
918 2454 1077 2506 depulit
1098 2454 1257 2492 hostem

223 2518 444 2558 Armatum
466 2519 559 2566 telo,
580 2519 688 2571 girat
707 2519 782 2559 sed
804 2528 844 2559 et
865 2519 930 2558 ille
951 2519 1110 2558 caballo

222 2583 363 2634 Atque
383 2583 598 2635 fatigatum
620 2584 816 2636 cupiebat
835 2584 973 2624 fallere
994 2584 1233 2623 homonem.

279 2648 365 2687 Iam
387 2648 519 2700 magis
539 2657 666 2700 atque
686 2649 818 2700 magis
840 2649 990 2688 irarum
1014 2649 1123 2687 mole
1143 2656 1340 2699 grauatus

89 2723 165 2760 935
222 2711 478 2751 Waltharius
499 2711 677 2764 clipeum
700 2712 875 2752 Gerwici
895 2711 1058 2751 sustulit
1079 2711 1205 2750 imum

223 2775 570 2828 Transmissoque
590 2776 722 2815 femur
742 2784 1029 2828 penetrauerat
1050 2775 1217 2827 inguine
1238 2774 1400 2813 ferrum.

65 2850 70 2852 Π
104 2879 168 2910 910
184 2852 327 2912 impete
338 2853 499 2913 ἶ).-914
515 2869 688 2904 Gewitus
707 2870 855 2912 P.—922
871 2869 1111 2903 demerserat
1131 2869 1280 2911 P.—932
1298 2867 1449 2902 cauallo
1469 2868 1552 2900 P.—

63 2934 126 2970 935
145 2923 301 2958 Gerwiti
322 2924 360 2958 P.
