1909 3279
1004 655 1150 689 XVIII.

919 752 1244 786 PROCOSIUS.*

722 860 776 884 CH
784 859 970 884 RONICON
999 858 1431 883 SLAVO-SARMATICUM.

334 919 375 958 P.
403 931 487 968 109.

333 1005 725 1091 WALGIERZ
756 1004 1005 1055 cognomine
1027 1003 1198 1054 Wdaly‚
1221 1003 1342 1042 frater
1373 1003 1503 1055 major
1533 1011 1630 1042 natu
1652 1003 1829 1048 Zbiludi,

516 1069 711 1108 dominus
744 1069 782 1107 in
816 1068 986 1119 Tyniec,
1020 1068 1089 1119 qui
1122 1076 1268 1119 postea
1299 1067 1508 1119 profectus
1540 1067 1579 1106 in
1613 1067 1827 1106 Franciam

333 1134 583 1185 Reginulam
608 1133 891 1184 Heligundam
915 1133 1011 1171 inde
1041 1132 1226 1178 abduxit,
1249 1146 1357 1183 quae
1388 1133 1606 1171 multarum
1630 1132 1828 1171 discordi-

327 1213 443 1238 arum
466 1212 559 1237 cum
579 1198 824 1237 Wislomiro
843 1198 1043 1244 Chostek‚
1069 1197 1254 1236 Domino
1275 1197 1314 1235 in
1332 1197 1515 1243 Wislica‚
1539 1211 1662 1236 causa
1683 1197 1827 1236 extitit.

328 1263 429 1302 Tres
451 1263 547 1302 item
570 1263 638 1301 filii
661 1262 788 1314 ipsius
814 1263 963 1301 Paluca
984 1262 1082 1301 alias
1097 1250 1331 1301 Wittossaw
1352 1262 1392 1300 in
1413 1262 1621 1313 baptismo
1642 1261 1827 1301 nomina-

329 1335 406 1373 tus,
429 1321 572 1366 Staria
593 1340 643 1365 ex
669 1325 909 1377 Heligunda
930 1333 969 1364 et
994 1324 1146 1363 Pabian
1168 1339 1218 1364 ex
1243 1326 1399 1376 Rynga
1420 1325 1638 1376 progeniti.

334 1434 374 1472 P.
402 1433 512 1472 128f.

382 1521 608 1571 Walgerus
626 1520 799 1560 Starz'on
816 1520 868 1559 de
885 1519 1094 1571 Panigrod
1109 1520 1267 1570 Wdaly
1284 1519 1325 1558 id
1343 1527 1404 1559 est
1421 1520 1579 1570 udatny
1595 1519 1676 1558 alio
1692 1519 1827 1559 dictus

277 1608 279 1610 ·
330 1585 544 1624 vocabulo.
585 1585 740 1624 Smilae
757 1584 895 1623 herois
917 1584 1051 1623 minor
1067 1592 1186 1623 natus
1203 1584 1320 1631 filius,
1339 1583 1379 1622 in
1398 1584 1598 1635 Preginia,
1617 1584 1826 1635 Tenczyn,

331 1650 493 1701 Tyneg,
530 1649 853 1696 Czekarzewice,
886 1650 1048 1688 Tarlow
1088 1657 1162 1688 etc.
1193 1649 1389 1688 dominus
1428 1663 1463 1688 a.
1494 1661 1584 1699 975.
1629 1650 1827 1689 denatus:

331 1715 452 1753 heros
474 1714 513 1753 in
538 1714 722 1753 Lechisis
753 1714 891 1753 multis
913 1713 1086 1753 celebris
1117 1713 1307 1760 historiis,
1330 1714 1400 1765 qui
1422 1714 1490 1752 vix
1512 1728 1595 1752 non
1617 1713 1829 1753 universas

331 1778 518 1818 lustravit
534 1779 573 1817 in
592 1779 762 1830 Europa
783 1779 989 1830 regiones.
1040 1778 1223 1818 Consors
1239 1779 1312 1817 fuit
1330 1778 1572 1829 Heligunda
1587 1778 1757 1830 alicujus
1778 1792 1828 1817 ex

333 1843 500 1895 regibus
523 1844 680 1883 Galliae
702 1843 833 1895 reguli
864 1843 956 1890 filia,
980 1857 1055 1895 pro
1077 1857 1159 1895 qua
1188 1857 1361 1894 magnas
1383 1843 1524 1882 habuit
1545 1843 1829 1883 contentiones

332 1922 424 1947 cum
448 1907 658 1948 Vislimiro
679 1909 784 1947 duce
806 1922 856 1947 ex
878 1916 1003 1960 gente
1027 1908 1183 1959 Popieli
1204 1922 1281 1947 suo
1302 1908 1626 1959 consanguineo.

364 2032 378 2048 ³⁸
391 2016 457 2057 The
471 2016 530 2058 text
545 2032 568 2057 is
582 2032 728 2064 reprinted
744 2017 821 2058 from?
832 2017 965 2063 Hsseinzel'
980 2034 987 2046 ⁴
999 2016 1325 2065 Waltrhersasse*‚'-{I59.
