1909 3279
317 175 363 211 16

345 546 420 584 395

343 869 422 905 400

343 1189 420 1227 405

342 1511 420 1548 410

344 1832 421 1870 415

345 2156 423 2193 420

346 2476 422 2513 425

692 168 804 203 WAL
818 168 972 202 THER
1000 168 1073 202 OF
1091 168 1439 209 AQUITAJNE.

475 279 669 328 Namque
690 276 759 315 ubi
781 290 863 315 nox
886 276 1008 315 rebus
1023 276 1108 327 jam
1131 275 1370 326 dempserat
1390 284 1478 314 atra
1498 275 1671 319 colores,

477 341 643 381 Decidit
663 341 703 379 in
723 341 886 387 lectum,
909 354 1052 378 uerum
1075 354 1149 379 nec
1169 340 1323 378 lumina
1344 340 1489 379 clausit

477 407 598 445 Nunc
618 406 725 444 latus
745 405 785 443 in
805 405 997 444 dextrum
1020 404 1143 443 fultus
1164 418 1272 443 nunc
1293 404 1417 455 inque
1438 404 1645 443 sinistrum

478 469 531 508 Et
551 468 677 507 ueluti
698 467 831 506 iaculo
852 475 995 519 pectus
1016 467 1235 506 transfixus
1256 475 1378 506 acuto

479 533 652 584 Palpitat
673 540 798 583 atque
818 540 942 583 caput
963 532 1044 570 huc
1064 539 1105 570 et
1125 545 1224 570 mox
1246 531 1398 570 iactitat
1418 532 1512 570 illuc

478 598 532 636 Et
552 596 680 636 modo
701 596 917 635 subrectus
938 595 1068 634 fulcro
1091 595 1339 635 consederat
1358 610 1514 635 amens.

478 662 566 700 Nec
588 661 701 700 iuuat
721 661 813 707 hoc,
835 661 1003 699 demum
1026 674 1201 711 surgens
1222 660 1412 699 discurrit
1433 660 1472 699 in
1494 660 1639 699 urbem

478 726 618 777 Atque
639 725 805 765 thorum
828 724 999 764 ueniens
1019 724 1140 763 simul
1161 724 1296 775 attigit
1316 733 1440 776 atque
1461 724 1636 776 reliquit.

477 790 631 829 Taliter
651 789 881 829 insomnem
905 797 1219 840 consumpserat
1241 788 1370 828 Attila
1391 797 1569 828 noctem.

477 856 535 894 At
554 854 720 906 profugi
741 853 915 893 comites
936 867 1010 905 per
1030 853 1162 892 amica
1183 853 1343 893 silentia
1364 863 1508 893 euntes

477 919 723 970 Suspectam
745 926 971 970 properant
991 926 1086 969 post
1106 926 1224 968 terga
1244 917 1476 969 relinquere
1496 926 1658 958 terram.

533 983 616 1023 Uix
637 993 776 1022 tamen
797 982 931 1034 erupit
951 996 1050 1028 cras,
1073 996 1145 1021 rex
1167 982 1437 1033 patribusque
1458 983 1615 1022 uocatis

479 1047 677 1085 Dixerat:
709 1049 717 1064 ‘
736 1059 761 1084 o
781 1045 815 1085 si
836 1045 928 1097 quis
949 1045 1049 1084 mihi
1071 1045 1348 1084 Waltharium
1370 1045 1594 1097 fugientem

476 1110 637 1150 Afferat
657 1111 864 1149 euinctum
887 1123 963 1148 ceu
985 1123 1162 1161 nequam
1186 1109 1290 1149 forte
1310 1109 1487 1149 liciscam
1507 1111 1514 1148 1

480 1177 605 1215 Hunc
630 1188 711 1226 ego
731 1188 831 1214 mox
851 1188 952 1213 auro
972 1174 1166 1213 uestirem
1188 1188 1313 1226 saepe
1334 1183 1499 1214 recocto

479 1241 532 1280 Et
551 1240 695 1280 tellure
716 1239 885 1290 quidem
907 1246 1081 1278 stantem
1105 1239 1199 1277 hinc
1220 1239 1316 1278 inde
1337 1253 1552 1278 onerarem

475 1306 616 1356 Atque
637 1304 744 1343 uiam
766 1303 930 1356 penitus
950 1303 1187 1343 clausissem
1210 1304 1307 1343 uiuo
1328 1305 1517 1344 talentis.'

476 1370 561 1410 Sed
583 1369 718 1408 nullus
739 1369 813 1408 fuit
835 1368 874 1407 in
896 1376 1008 1407 tanta
1028 1368 1199 1417 regione
1218 1377 1418 1420 tyrannus

478 1435 555 1474 Uel
577 1435 663 1473 dux
684 1434 772 1473 siue
795 1447 935 1472 comes
955 1446 1029 1472 seu
1051 1433 1168 1472 miles
1188 1433 1277 1472 siue
1298 1433 1494 1480 minister,

477 1497 572 1548 Qui,
594 1496 787 1548 quamuis
807 1504 978 1548 cuperet
997 1496 1187 1548 proprias
1209 1497 1429 1536 ostendere
1450 1497 1560 1536 uires

477 1563 540 1601 Ac
560 1561 711 1602 uirtute
731 1575 805 1600 sua
825 1561 991 1600 laudem
1013 1569 1178 1612 captare
1198 1575 1422 1612 perennem

477 1625 752 1677 Ambiretque
772 1626 893 1665 simul
913 1639 1060 1677 gazam
1082 1625 1268 1664 infarcire
1288 1626 1507 1672 crumenis,

476 1689 754 1729 Waltharium
776 1696 915 1728 tamen
935 1688 1081 1728 iratum
1104 1689 1428 1740 praesumpserit
1448 1689 1571 1729 armis

478 1753 693 1805 Insequier
713 1753 941 1804 strictoque
962 1753 1093 1791 uirum
1116 1767 1315 1792 mucrone
1335 1753 1490 1793 uidere.

479 1819 589 1858 Nota
610 1818 805 1869 equidem
827 1817 968 1864 uirtus,
991 1817 1151 1869 experti
1171 1826 1266 1857 sunt
1287 1832 1456 1870 quoque
1477 1827 1651 1870 quantas

478 1883 702 1923 Incolumis
723 1882 887 1921 dederit
906 1891 1095 1934 stranges
1115 1883 1203 1922 sine
1224 1883 1393 1922 uulnere
1413 1883 1556 1923 uictor.

479 1949 568 1987 Nec
588 1947 696 2001 potis
717 1955 778 1986 est
799 1947 925 1986 ullum
948 1960 1021 1986 rex
1043 1948 1295 1999 persuadere
1315 1948 1498 1987 uirorum

478 2012 561 2063 Qui
582 2011 788 2063 promissa
808 2011 905 2051 uelit
926 2012 1002 2051 hac
1023 2012 1269 2051 condicione
1289 2013 1453 2052 talenta.

530 2076 788 2116 Waltharius
808 2076 985 2127 fugiens,
1007 2085 1051 2116 ut
1072 2077 1169 2123 dixi,
1192 2077 1382 2116 noctibus
1404 2077 1476 2116 iuit

478 2142 620 2192 Atque
640 2141 708 2180 die
727 2141 853 2180 saltus
874 2141 1127 2192 arbustaque
1147 2141 1277 2180 densa
1297 2142 1512 2193 requirens

477 2205 591 2250 Arte,
613 2203 809 2242 accersita
829 2203 985 2255 pariter
1004 2204 1115 2255 capit
1135 2212 1221 2244 arte
1243 2205 1434 2243 uolucres

480 2269 601 2307 Nunc
621 2267 764 2306 fallens
784 2267 911 2314 uisco,
933 2281 1043 2306 nunc
1063 2268 1161 2307 fisso
1182 2268 1363 2320 denique
1382 2268 1507 2318 ligno.

480 2334 558 2373 Ast
578 2332 648 2371 ubi
670 2332 861 2384 peruenit
880 2346 963 2383 qua
984 2332 1154 2371 flumina
1175 2346 1303 2371 curua
1324 2333 1515 2379 fluebant,

482 2397 698 2437 Inmittens
719 2397 887 2435 hamum
910 2396 1045 2448 rapuit
1064 2397 1142 2435 sub
1163 2397 1327 2448 gurgite
1348 2398 1544 2448 praedam

480 2463 622 2513 Atque
642 2461 760 2500 famis
781 2468 941 2512 pestem
963 2461 1123 2512 pepulit
1142 2462 1359 2500 tolerando
1379 2462 1562 2500 laborem
1580 2477 1588 2500 ;

481 2527 673 2577 Namque
693 2525 816 2576 fugae
836 2532 923 2564 toto
939 2538 983 2564 se
1003 2533 1192 2576 tempore
1213 2525 1383 2577 uirginis
1404 2539 1481 2565 usu

480 2590 694 2631 Continuit
713 2589 775 2628 uir
795 2589 1052 2628 waltharius
1071 2590 1288 2629 laudabilis
1309 2590 1444 2629 heros.

535 2656 644 2694 Ecce
664 2662 811 2706 quater
831 2653 962 2692 denos
983 2654 1043 2693 sol
1065 2654 1391 2694 circumflexerat
1411 2655 1533 2694 orbes

482 2720 546 2758 Ex
567 2732 652 2770 quo
673 2718 902 2770 pannonica
922 2718 1052 2757 fuerat
1071 2719 1283 2770 digressus
1304 2719 1356 2757 ab
1379 2720 1491 2758 urbe.

346 2797 426 2835 430
481 2785 579 2836 Ipso
599 2782 755 2835 quippe
775 2782 842 2821 die
863 2795 1077 2821 numerum
1101 2783 1169 2833 qui
1190 2783 1390 2823 clauserat
1411 2783 1546 2830 istum,

363 2877 428 2916 416
445 2862 658 2909 incolomes
669 2860 715 2907 ἶ).
