1909 3279
344 556 421 601 630

344 1201 421 1246 640

353 2482 431 2517 660

697 188 811 223 WAL
825 186 977 220 THER
1008 186 1082 220 OF
1100 183 1445 226 AQUJTAJNE.

477 297 528 335 Et
549 309 646 335 mox
668 295 820 338 auxilio
840 295 1086 333 subeuntem
1108 306 1155 331 ac
1176 292 1255 331 tela
1276 291 1473 330 serentem

476 360 547 398 Me
567 358 669 410 petit
686 367 812 409 atque
833 357 998 396 oculum
1022 369 1114 394 cum
1137 355 1329 394 dentibus
1351 353 1454 392 eruit
1475 355 1630 392 unum.'

531 423 608 461 His
628 421 928 461 animaduersis
950 421 1100 459 clamat
1119 433 1190 458 rex
1212 419 1277 457 ille
1298 419 1502 470 superbus
1521 433 1528 456 :

477 494 483 507 ‘
502 489 558 527 Ut
579 487 715 533 uideo,
737 486 966 538 genitorem
990 484 1157 523 imitaris
1182 483 1420 535 Hagathien
1441 483 1541 534 ipse.

479 552 559 590 Hic
579 565 749 602 quoque
770 550 1042 602 perpauidam
1064 549 1205 600 gelido
1226 548 1303 587 sub
1325 556 1492 599 pectore
1514 555 1694 585 mentem

476 617 671 655 Cesserat
692 624 732 655 et
752 615 890 654 multis
910 614 1064 654 fastidit
1085 613 1242 664 proelia
1262 612 1425 651 uerbis.’

528 681 646 719 Tunc
667 680 789 719 heros
810 693 1001 730 magnam
1024 679 1128 717 iuste
1149 685 1397 728 conceperat
1416 677 1585 722 iram,—

477 745 519 783 Si
540 754 678 783 tamen
699 744 739 782 in
760 743 974 782 dominum
996 742 1151 782 licitum
1174 751 1235 781 est
1256 741 1418 780 irascier
1439 741 1580 779 ullum.

478 815 484 828 ‘
503 810 619 847 Haec
635 808 644 825 ⁷
666 809 721 848 ait
743 809 805 847 ‘in
827 808 973 848 uestris
994 807 1189 846 consistat
1209 807 1347 846 omnia
1369 806 1470 845 telis.

479 874 552 912 Est
574 873 613 911 in
633 881 859 924 conspectu
880 886 1004 924 quem
1027 871 1161 910 uultis.
1219 871 1387 909 dimicet
1407 870 1554 909 omnis.

476 938 676 977 Cominus
696 937 836 977 astatis
857 950 933 976 nec
954 936 1032 974 iam
1055 936 1178 975 timor
1198 935 1358 986 inpedit
1378 935 1504 973 ullum
1523 949 1530 981 ;

480 1003 687 1041 Euentum
710 1002 876 1041 uideam
899 1015 973 1040 nec
995 1014 1164 1040 consors
1184 1000 1259 1039 sim
1282 1000 1509 1051 spoliorum
1527 1015 1534 1046 ;

479 1067 653 1106 Dixerat
674 1075 714 1106 et
734 1067 880 1105 collem
903 1066 1021 1118 petiit
1040 1079 1137 1104 mox
1159 1065 1248 1116 ipse
1268 1064 1549 1116 propinquum

480 1132 835 1183 Descendensque
856 1131 907 1169 ab
925 1144 1034 1181 equo
1056 1129 1242 1169 consedit
1263 1138 1303 1169 et
1323 1129 1469 1180 aspicit
1490 1129 1570 1167 illo.

532 1197 628 1235 Post
649 1197 750 1235 haec
774 1195 1028 1236 Guntharius
1050 1195 1264 1234 Cameloni
1285 1194 1485 1246 praecipit
1505 1193 1642 1232 aiens:

478 1268 484 1279 ¹
504 1262 636 1312 Perge
656 1270 696 1300 et
716 1261 955 1300 thesaurum
978 1260 1097 1298 reddi
1118 1259 1217 1297 mihi
1238 1259 1431 1311 praecipe
1452 1267 1599 1298 totum.

479 1323 641 1374 Quodsi
663 1332 888 1370 cunctetur,
911 1323 996 1362 scio
1017 1331 1060 1362 tu
1081 1323 1144 1361 uir
1163 1322 1276 1361 fortis
1298 1331 1338 1361 et
1358 1322 1508 1368 audax,

477 1388 747 1440 Congredere
768 1397 807 1428 et
828 1389 937 1427 bello
958 1388 1169 1426 deuictum
1193 1401 1290 1426 mox
1314 1387 1516 1438 spoliato.'

532 1454 622 1492 Ibat
642 1453 835 1492 metensis
857 1453 1029 1492 Camelo
1051 1452 1402 1503 metropolitanus,

478 1517 643 1557 Uertice
664 1517 774 1555 fulua
794 1517 917 1556 micat
938 1517 1077 1569 cassis,
1099 1517 1152 1555 de
1173 1525 1340 1568 pectore
1361 1525 1492 1562 torax,

479 1583 531 1621 Et
552 1583 695 1633 procul
715 1582 970 1620 acclamans:
1003 1581 1269 1629 ‘heusaudi'
1292 1581 1397 1620 dixit
1419 1581 1571 1620 ‘amice
1592 1582 1598 1618 !

479 1647 589 1698 Regi
612 1648 864 1685 Francorum
888 1655 1018 1685 totum
1043 1646 1272 1685 transmitte
1293 1646 1518 1693 metallum,

479 1712 521 1750 Si
543 1711 604 1750 uis
626 1711 794 1750 ulterius
815 1711 941 1750 uitam
964 1711 1029 1749 uel
1052 1711 1205 1759 habere
1227 1711 1427 1749 salutem.’

532 1775 740 1815 Conticuit
761 1776 928 1827 paulum
951 1775 1080 1814 uerbo
1102 1775 1345 1814 fortissimus
1366 1775 1500 1821 heros,

480 1840 716 1891 Opperiens
737 1841 909 1891 propius
930 1841 1092 1879 hostem
1114 1840 1340 1879 aduentare
1361 1839 1554 1879 ferocem.

480 1903 728 1942 Aduolitans
750 1903 899 1942 missus
922 1917 1067 1942 uocem
1090 1903 1341 1954 repetiuerat
1361 1903 1493 1942 istam.

483 1967 511 2015 [‘
531 1966 639 2017 Regi
663 1967 915 2004 Francorum
938 1974 1069 2005 totum
1092 1966 1320 2005 transmitte
1341 1966 1551 2005 metallum
1573 1967 1578 2003 !
1596 1965 1628 2015 ³]

481 2031 588 2069 Turn
611 2030 769 2069 iuuenis
787 2039 978 2070 constans
1000 2045 1245 2082 responsum
1268 2031 1439 2082 protulit
1459 2031 1590 2070 istud:

483 2100 488 2113 ‘
508 2095 620 2145 Quid
641 2095 834 2146 quaeris?
866 2096 930 2134 uel
952 2095 1052 2146 quid
1074 2096 1206 2142 reddi,
1228 2095 1449 2146 inportune
1471 2095 1664 2134 coartas?

409 2172 423 2179 ·
484 2159 700 2210 Numquid
723 2160 955 2199 Gunthario
977 2160 1141 2198 furabar
1161 2160 1255 2199 talia
1277 2160 1364 2211 regi
1382 2160 1397 2198 ?

485 2224 570 2262 Aut
590 2223 689 2262 mihi
711 2237 786 2274 pro
807 2224 921 2263 lucro
943 2224 1167 2275 quicquam
1190 2225 1420 2264 donauerat
1441 2224 1520 2271 ille,

487 2289 542 2327 Ut
563 2288 709 2330 merito
730 2302 897 2326 usuram
920 2302 986 2327 me
1008 2297 1130 2340 cogat
1151 2290 1312 2328 soluere
1333 2298 1486 2328 tantam
1504 2288 1521 2326 ?

485 2351 595 2388 Num
619 2364 796 2401 pergens
817 2365 898 2402 ego
919 2351 1101 2402 dampna
1120 2352 1192 2391 tuli
1214 2361 1376 2391 uestrae
1397 2351 1569 2403 regioni.

487 2415 542 2453 Ut
562 2415 627 2453 uel
649 2415 744 2453 hinc
764 2415 867 2454 iuste
889 2416 1031 2454 uidear
1051 2416 1265 2467 spoliarier
1285 2430 1307 2455 a
1327 2425 1366 2456 te
1384 2415 1400 2454 ?

486 2479 528 2518 Si
550 2488 704 2518 tantam
729 2479 924 2518 inuidiam
947 2480 1078 2519 cuntis
1098 2494 1202 2531 gens
1223 2480 1390 2520 exhibet
1410 2481 1499 2527 ista,

487 2543 565 2591 [Ut
586 2542 742 2580 calcare
762 2542 895 2581 solum
920 2542 1017 2581 nulli
1039 2544 1242 2582 concedat
1262 2543 1407 2593 eunti,]

490 2607 596 2644 Ecce
618 2606 726 2644 uiam
750 2620 922 2653 mercor,
945 2607 1032 2658 regi
1053 2608 1286 2647 transmitto
1307 2608 1507 2647 ducentas

484 2670 690 2709 Armillas.
748 2684 892 2721 pacem
915 2671 1043 2710 donet
1063 2672 1192 2710 modo
1213 2672 1321 2710 bella
1342 2671 1566 2711 remittens.

542 2735 657 2772 Haec
678 2743 898 2786 postquam
922 2735 1092 2774 Camelo
1113 2736 1300 2787 percepit
1320 2736 1446 2775 corde
1467 2736 1617 2775 ferino:

347 2810 350 2811 ⁷
370 2811 705 2869 6341321ec*i³.,”hec
723 2811 947 2870 §Eis—536
964 2812 1296 2871 ῑηῴεᾱῑιῬζΞόεζι
1313 2813 1531 2872 ίᾶἰροηίιὶιε
1552 2831 1588 2863 Ρ.
1614 2814 1639 2816 “’
1708 2814 1718 2816 “
1741 2815 1752 2816 ’
