1909 3279
336 235 385 260 20

364 407 440 443 55Ο

366 728 439 764 555

363 1042 438 1088 560

363 1366 435 1412 565

362 1699 438 1736 570

365 2658 439 2704 585

380 2878 441 2917 564
452 2859 669 2918 compleuit
691 2875 841 2917 P.-5S7
861 2858 1069 2916 compellat
1090 2875 1127 2908 P.

711 221 824 254 WAL
838 221 991 254 THER
1021 221 1094 255 OF
1113 221 1461 262 AQUJTAJNE.

496 329 595 367 ‘Aut
613 342 700 380 quo
720 328 822 367 forte
843 329 971 367 modo
991 328 1156 379 gladius
1176 329 1285 380 potis
1305 336 1367 368 est
1387 327 1574 366 inimicos

496 394 701 439 Sternere,
723 401 806 432 tam
829 393 937 432 fidae
957 393 990 432 si
1011 407 1119 432 nunc
1141 407 1223 432 non
1244 393 1375 445 parcit
1395 392 1552 431 amicae
1570 391 1587 429 ?

498 456 620 495 Absit
640 456 755 507 quod
777 455 945 507 rogitas,
969 456 1117 495 mentis
1138 456 1305 507 depone
1326 469 1538 507 pauorem.

500 521 580 572 Qui
603 535 669 560 me
690 521 742 560 de
764 521 886 560 uariis
908 521 1051 560 eduxit
1071 535 1197 572 saepe
1218 521 1394 572 periclis,

499 587 579 624 Hic
600 586 709 625 ualet
730 585 797 624 hic
818 586 958 625 hostes
980 586 1106 624 credo
1126 586 1379 624 confundere
1401 585 1592 624 nostros.’

499 652 616 689 Haec
635 651 690 690 ait
710 659 835 701 atque
857 651 1000 689 oculos
1021 651 1168 690 tollens
1191 650 1340 689 effatur
1359 650 1413 689 ad
1435 650 1566 701 ipsam
1585 664 1593 687 :

498 719 504 732 ‘
525 715 620 752 Non
640 722 781 753 assunt
802 714 963 752 Anares
985 713 1050 752 hic
1071 713 1145 752 sed
1170 713 1316 752 Franci
1338 713 1568 752 nebulones

497 779 686 818 Cultores
708 778 913 830 regionis,’
937 787 976 818 et
997 792 1047 817 en
1069 779 1232 830 galeam
1258 777 1502 829 Haganonis

497 844 658 895 Aspicit
678 852 718 883 et
739 857 914 882 noscens
936 843 1113 883 iniunxit
1134 843 1228 883 talia
1251 843 1412 882 ridens:

498 914 504 927 ⁴
526 909 578 948 Et
600 922 716 947 meus
738 908 804 947 hic
823 908 960 947 socius
983 909 1164 959 Hagano
1180 908 1340 959 collega
1361 916 1567 946 ueternus.

551 973 645 1012 Hoc
666 973 789 1012 heros
811 973 922 1012 dicto
945 973 1153 1012 introitum
1176 972 1362 1012 stationis
1383 972 1523 1011 adibat

497 1038 671 1076 Inferius
692 1038 813 1077 stanti
835 1038 1080 1089 praedicens
1101 1037 1159 1076 sic
1181 1037 1339 1076 mulieri
1357 1052 1364 1076 :

495 1110 500 1121 ¹
520 1104 612 1141 Hac
633 1117 771 1141 coram
794 1111 914 1154 porta
935 1103 1108 1141 uerbum
1132 1103 1260 1142 modo
1282 1102 1387 1141 iacto
1408 1102 1636 1153 superbum
1655 1117 1662 1140 :

497 1168 605 1206 Hinc
626 1168 760 1206 nullus
782 1168 945 1206 rediens
966 1168 1085 1206 uxori
1107 1167 1245 1206 dicere
1268 1167 1450 1206 Francus

498 1234 740 1271 Praesumet
758 1246 802 1271 se
824 1232 978 1284 inpune
997 1246 1126 1283 gazae
1147 1232 1247 1283 quid
1269 1232 1414 1271 tollere
1435 1230 1599 1271 tantae.5

495 1298 583 1336 Nec
604 1298 703 1336 dum
726 1311 962 1336 sermonem
986 1297 1209 1349 conpleuit,
1232 1298 1483 1336 humotenus
1505 1310 1602 1335 ecce

495 1362 660 1402 Corruit
681 1371 721 1402 et
741 1362 903 1401 ueniam
927 1362 1054 1413 petiit,
1077 1362 1173 1413 quia
1195 1362 1291 1401 talia
1313 1361 1428 1401 dixit.

495 1428 718 1479 Postquam
741 1427 917 1466 surrexit
937 1427 1226 1478 contemplans
1247 1426 1406 1466 cautius
1428 1440 1574 1465 omnes
1593 1441 1601 1464 z

494 1499 501 1510 ⁴
521 1493 684 1531 Horum
707 1505 814 1543 quos
834 1491 960 1530 uideo
981 1492 1138 1530 nullum
1164 1492 1399 1542 Haganone
1421 1499 1585 1530 remoto

493 1557 709 1608 Suspicio:
742 1570 924 1608 namque
945 1556 1012 1595 ille
1032 1570 1148 1595 meos
1169 1570 1243 1608 per
1263 1556 1422 1607 proelia
1444 1569 1583 1594 mores

495 1623 580 1660 Iam
603 1621 758 1666 didicit,
781 1630 895 1661 tenet
915 1621 982 1660 hic
1002 1621 1123 1660 etiam
1146 1629 1210 1660 sat
1229 1621 1401 1660 callidus
1422 1629 1565 1660 artem.

496 1687 631 1737 Quam
654 1687 687 1725 si
708 1687 811 1726 forte
833 1687 1000 1725 uolente
1019 1687 1102 1725 deo
1123 1686 1381 1738 intercepero
1402 1687 1547 1732 solam,

493 1752 622 1790 Tunc'
646 1751 700 1790 ait
722 1756 727 1770 ‘
745 1765 794 1790 ex
818 1765 959 1802 pugna
980 1751 1051 1790 tibi
1076 1751 1271 1802 Hiltgunt
1291 1765 1445 1802 sponsa
1466 1750 1683 1789 reseruor.'

546 1818 624 1856 Ast
646 1817 714 1855 ubi
737 1817 1014 1856 Waltharium
1038 1816 1105 1855 tali
1127 1816 1303 1855 statione
1323 1824 1538 1867 receptum

494 1881 722 1932 Conspexit
746 1882 938 1932 Hagano,
961 1889 1151 1932 satrapae
1172 1894 1270 1919 mox
1292 1880 1368 1920 ista
1387 1880 1571 1931 superbo

494 1945 717 1997 Suggerit:
750 1950 756 1964 ‘
776 1959 801 1984 o
822 1946 960 1985 senior
981 1946 1133 1985 desiste
1153 1946 1354 1984 lacessere
1376 1945 1486 1984 bello

499 2011 623 2048 Hunc
645 2010 869 2049 hominem.
928 2019 1105 2062 pergant
1125 2010 1311 2062 primum»
1326 2009 1396 2061 qui
1418 2018 1564 2049 cuncta
1587 2010 1803 2061 requirant

497 2074 549 2112 Et
569 2087 703 2124 genus
723 2082 762 2112 et
783 2073 956 2125 patriam
980 2086 1218 2124 nomenque
1237 2074 1462 2124 locumque
1482 2073 1680 2112 relictum.

497 2139 587 2184 Uel,
609 2138 641 2176 si
662 2138 764 2177 forte
785 2146 897 2189 petat
918 2152 1063 2189 pacem
1085 2138 1173 2177 sine
1193 2138 1395 2190 sanguine
1416 2138 1620 2189 praebens

497 2203 772 2248 Thesaurum,
794 2216 867 2253 per
888 2216 1133 2254 responsum
1157 2216 1413 2253 cognoscere
1434 2202 1658 2241 homonem

499 2267 736 2313 Possumus,
758 2276 798 2306 et
818 2267 850 2305 si
872 2267 1126 2306 Waltharius
1148 2276 1379 2306 remoratur
1399 2266 1568 2313 ibidem,

500 2332 573 2370 Est
593 2331 770 2382 sapiens,
793 2331 929 2370 forsan
951 2340 1090 2370 uestro
1111 2331 1314 2370 concedet
1335 2331 1509 2370 honori.’

553 2396 755 2446 Praecipit
775 2395 832 2434 ire
853 2395 985 2434 uirum
1008 2396 1258 2447 cognomine
1279 2409 1351 2434 rex
1373 2395 1658 2440 Camelonem,

501 2460 644 2499 inclita
664 2460 836 2499 metensi
857 2473 980 2511 quem
1006 2460 1178 2498 Francia
1199 2459 1366 2499 miserat
1387 2459 1477 2498 urbi

500 2524 767 2570 Praefectum,
791 2524 861 2575 qui
882 2524 992 2563 dona
1014 2524 1147 2563 ferens
1169 2525 1394 2563 deuenerat
1416 2523 1485 2562 illo

498 2589 716 2628 Anteriore
737 2589 803 2627 die
825 2602 947 2639 quarn
971 2589 1162 2640 princeps
1184 2597 1356 2628 nouerat
1377 2588 1464 2627 ista.

498 2654 580 2704 Qui
601 2654 704 2692 dans
725 2653 838 2692 frena
859 2653 952 2692 uola
972 2653 1222 2704 trapidoque
1242 2653 1472 2692 simillimus
1495 2653 1611 2692 Euro

497 2718 755 2757 Transcurrit
775 2717 953 2768 spatium
976 2717 1110 2768 campi
1132 2717 1355 2768 iuuenique
1376 2716 1629 2768 propinquat

497 2783 559 2821 Ac
579 2782 636 2821 sic
658 2782 889 2821 obstantem
913 2782 1139 2832 conpellat:
1173 2781 1262 2820 ‘dic
1284 2781 1411 2820 homo
1433 2781 1621 2832 quisnam
