1909 3279
359 215 404 250 14
733 195 1013 237 WALTHER
1043 194 1117 227 OF
1134 191 1481 234 AQUJTAJNE.

519 307 668 345 Pocula
688 306 811 357 plena
831 304 995 349 dabant
1007 310 1046 341 et
1066 301 1200 339 inania
1220 299 1369 350 suscipi
1361 299 1514 345 ⁸,ebant

518 368 706 420 Hospitis
727 381 773 406 ac
794 366 918 425 regis
924 372 1080 427 certant
1101 363 1331 402 hortatibus
1352 375 1510 401 omnes.

384 447 457 484 315
517 433 704 471 Ebrietas
726 431 892 481 feruens
909 438 1002 490 tota
1010 425 1283 491 dominatur
1275 441 1315 465 in
1335 427 1438 473 aula,

519 496 717 536 Balbuttit
737 495 919 534 madido
925 494 1118 540 lacundia
1138 492 1226 531 fusa
1247 493 1396 543 palato,

520 562 679 600 Heroas
701 560 861 598 ualidos
881 550 1031 613 plantis
1050 558 1226 597 titubare
1246 556 1422 595 uideres.

519 625 671 664 Taliter
690 625 730 663 in
751 638 882 663 seram
906 608 1103 675 produxit
1123 621 1293 661 bachica
1313 630 1474 660 noctem

520 691 695 728 Munera
716 687 971 727 Waltharius
992 679 1246 737 retrahitque
1266 686 1400 724 redire
1413 677 1607 724 ¹uolentes
1624 698 1633 727 ;

389 768 466 804 320
522 755 667 792 Donec
688 753 727 791 ui
749 762 872 804 potus
893 751 1023 803 pressi
1043 744 1277 801 somnoque
1296 744 1458 804 grauati
1536 742 1538 744 ¹

523 818 675 857 Passim
698 817 923 869 porticibus
943 824 1180 855 sternuntur
1209 816 1459 860 humotenus
1480 827 1639 852 omnes.

522 883 573 922 Et
594 883 686 921 licet
707 880 943 933 ignicremis
963 881 1087 935 uellet
1106 881 1206 919 dare
1227 879 1390 918 moenia
1411 878 1603 925 flammis,

521 946 668 984 Nullus
689 945 759 996 qui
781 958 946 983 causam
969 944 1173 995 potuisset
1193 932 1295 982 scire
1317 941 1523 981 remansit.
1556 941 1557 945 ’
1601 935 1604 949 ⁵

519 1010 708 1049 Tandem
731 1010 921 1048 dilectam
944 1017 1068 1048 uocat
1085 1008 1138 1047 ad
1158 1016 1290 1047 semet
1311 1001 1524 1046 mulierem
1574 1018 1575 1022 ¹

390 1089 461 1125 325
522 1074 780 1125 Praecipiens
801 1087 946 1112 causas
966 1073 1083 1112 citius
1104 1073 1263 1111 deferre
1286 1080 1462 1123 paratas.

521 1140 700 1190 Ipseque
721 1139 774 1177 de
795 1139 965 1177 stabulis
986 1138 1184 1176 uictorem
1207 1137 1327 1176 duxit
1347 1126 1549 1187 equorum
1567 1151 1576 1174 :

520 1205 643 1242 Hunc
664 1204 718 1242 ob
739 1204 932 1243 uirtutem
956 1203 1212 1255 uocitauerat
1231 1202 1297 1240 ille
1318 1202 1494 1240 leonem.

517 1268 607 1308 Stat
627 1268 794 1319 sonipes
814 1281 861 1306 ac
883 1267 995 1306 frena
1016 1267 1130 1306 ferox
1151 1266 1385 1318 spumantia
1406 1265 1578 1304 mandit.

519 1334 644 1371 Hunc
664 1341 887 1384 postquam
910 1331 1043 1371 faleris
1064 1332 1184 1371 solito
1206 1330 1489 1377 circumdedit,
1512 1344 1610 1369 ecce

385 1411 462 1447 330
517 1397 674 1437 Scrinia
696 1398 818 1448 plena
836 1411 966 1448 gazae
988 1397 1102 1436 lateri
1124 1396 1342 1447 suspendit
1362 1395 1527 1446 utrique

450 1460 452 1462 ’
517 1463 658 1513 Atque
679 1461 766 1501 iteri
787 1462 915 1512 longo
936 1461 1154 1500 modicella
1175 1460 1324 1501 cibaria
1344 1450 1461 1511 ponit

520 1527 711 1578 Loraque
733 1526 943 1578 uirgineae
965 1526 1135 1565 mandat
1155 1525 1352 1564 fluitantia
1373 1525 1558 1591 dextrae.

520 1593 699 1642 Ipseque
719 1592 844 1630 lorica
866 1591 1038 1630 uestitus
1055 1604 1171 1630 more
1191 1590 1371 1641 gigantis
1478 1640 1480 1645 ,
1521 1640 1523 1647 γ

518 1656 710 1707 Inposuit
727 1656 848 1707 capiti
870 1656 1016 1694 rubras
1036 1669 1130 1694 cum
1151 1655 1311 1694 casside
1332 1655 1476 1693 cristas
1506 1645 1507 1648 Ἴ

386 1734 460 1770 335
519 1721 798 1772 Ingentesque
819 1720 951 1760 ocreis
970 1734 1087 1759 suras
1108 1719 1380 1771 conplectitur
1400 1719 1548 1766 aureis,

520 1784 573 1822 Et
593 1784 757 1822 laeuum
778 1783 911 1822 femur
929 1783 1094 1834 ancipiti
1117 1782 1400 1834 praecinxerat
1421 1796 1519 1821 ense

518 1849 658 1899 Atque
679 1848 760 1886 alio
780 1848 972 1887 dextrum
996 1861 1073 1899 pro
1094 1848 1172 1886 ritu
1197 1847 1498 1886 Pannoniarum
1517 1862 1525 1886 ;

523 1911 561 1949 15
582 1919 718 1949 tamen
741 1925 792 1949 ex
813 1925 893 1949 una
913 1919 1071 1950 tantum
1094 1911 1166 1949 dat
1186 1911 1355 1949 uulnera
1375 1919 1506 1964 parte.

519 1975 636 2013 Tunc
657 1971 815 2014 hastam
838 1975 984 2014 dextra
1005 1975 1167 2026 rapiens
1188 1975 1452 2026 clipeumque
1472 1975 1637 2014 sinistra
1669 1963 1671 1965 Ι

389 2052 465 2088 340
520 2039 727 2090 Coeperat
748 2039 878 2078 inuisa
898 2039 1085 2091 trepidus
1106 2040 1311 2078 decedere
1331 2048 1450 2079 terra.

522 2104 693 2142 Femina
714 2104 833 2143 duxit
852 2118 1005 2156 equum
1028 2118 1110 2143 non
1132 2105 1241 2143 nulla
1261 2105 1413 2144 talenta
1432 2113 1646 2155 gerentem

522 2168 568 2205 In
589 2168 863 2219 manibusque
883 2169 1004 2207 simul
1026 2169 1184 2220 uirgam
1206 2177 1320 2208 tenet
1338 2169 1428 2220 ipsa
1448 2169 1676 2215 colurnam,

523 2232 569 2270 In
590 2246 672 2283 qua
693 2232 871 2283 piscator
892 2233 1060 2271 hamum
1082 2234 1312 2285 transponit
1331 2233 1371 2272 in
1391 2234 1559 2286 undam,

527 2297 582 2335 Ut
603 2297 771 2347 cupiens
792 2306 955 2348 pastum
978 2297 1099 2348 piscis
1121 2298 1322 2349 deglutiat
1341 2311 1507 2337 uncum.

395 2373 468 2410 345
527 2361 718 2411 Namque
739 2369 936 2411 gravatus
955 2370 1043 2400 erat
1062 2362 1123 2400 uir
1144 2362 1349 2401 maximus
1368 2362 1552 2414 undique
1573 2363 1666 2402 telis

526 2425 855 2475 Suspectamque
877 2426 1020 2465 habuit
1039 2435 1187 2466 cuncto
1207 2426 1284 2465 sibi
1304 2415 1496 2478 tempore
1514 2441 1714 2478 pugnam.

527 2489 651 2528 Omni
675 2498 794 2528 nocte
815 2489 982 2541 quidem
1006 2491 1287 2541 properabant
1305 2505 1481 2537 currere,
1503 2492 1578 2531 sed
1600 2505 1694 2530 cum

529 2553 662 2591 Prima
682 2554 832 2592 rubens
853 2554 968 2593 terris
989 2555 1170 2593 ostendit
1189 2555 1343 2594 lumina
1366 2556 1569 2603 Phoebus,

529 2617 574 2654 111
596 2616 709 2654 5111115
730 2616 885 2655 latitare
905 2617 1072 2656 student
1093 2626 1133 2656 et
1153 2631 1284 2668 opaca
1304 2618 1517 2669 requirunt

396 2693 472 2729 350
527 2680 810 2731 Sollicitatque
831 2688 965 2720 metus
986 2681 1051 2719 uel
1072 2695 1146 2732 per
1166 2682 1256 2720 loca
1276 2690 1364 2722 tuta
1383 2682 1568 2734 fatigans,

530 2743 575 2780 In
596 2751 838 2794 tantumque
859 2743 981 2792 timor
1002 2744 1214 2782 muliebria
1235 2753 1403 2796 pectora
1424 2746 1572 2797 pulsat,

412 2845 475 2876 324
493 2819 660 2877 indeque
670 2820 718 2868 P
725 2846 829 2877 -331
835 2820 979 2879 Atque
999 2821 1208 2879 iterilongo-
1209 2821 1284 2877 P.
1311 2838 1389 2881 Atq
1408 2850 1428 2872 e
1447 2838 1678 2882 iteriluongo
1696 2840 1734 2873 S.
1741 2841 1808 2874 -.H
1814 2859 1857 2863 —

368 2889 429 2920 335
448 2879 714 2921 complectitur
734 2880 770 2912 P.
777 2890 881 2922 —341
902 2881 1085 2914 nonnulla
1105 2881 1142 2914 P.
