1909 3279
748 604 854 638 XIV.

464 702 767 735 BOGUPHALI
805 703 1155 737 CHRON1CON.*

64 799 268 882 ERAT
284 799 391 838 enim
415 799 671 851 temporibus
692 800 767 839 illis
789 801 887 840 urbs
908 801 1180 841 famosissima
1202 803 1239 841 in
1255 817 1387 854 regno
1406 804 1550 843 Lechi-

197 872 343 907 tarum,
366 878 576 903 murorum
601 865 816 904 altitudine
837 868 1124 918 circumsepta,
1147 868 1314 906 nomine
1335 868 1548 919 WVyslicia,

53 928 170 979 cujus
186 928 282 967 olim
301 929 506 980 princeps,
525 938 713 981 tempore
731 930 974 981 paganismi.
993 931 1123 971 fuerat
1139 932 1339 982 VVyslaus
1360 933 1550 980 decorus,

53 993 124 1044 qui
155 1001 195 1032 et
224 993 312 1045 ipse
342 994 395 1032 de
424 994 552 1045 stirpe
582 995 690 1046 regis
715 995 930 1046 Pompilii1
952 996 1127 1035 duxerat
1152 997 1367 1047 originem.
1428 998 1553 1036 Hunc

53 1058 225 1110 quidam
261 1072 413 1104 comes,
445 1059 565 1098 etiam
601 1059 739 1110 stirpis
772 1060 972 1111 ejusdem,
1006 1069 1050 1100 ut
1080 1061 1218 1107 fertur,
1249 1061 1362 1101 sortis
1397 1061 1551 1101 viribus

53 1123 223 1162 nomine
255 1123 492 1163 Walterus²
514 1124 721 1170 robustus,
755 1124 826 1176 qui
865 1124 905 1163 in
938 1125 1132 1176 polonico
1162 1126 1387 1165 vocabatur
1416 1127 1555 1177 wdaly

53 1188 243 1234 Walter,3
264 1188 422 1227 habens
457 1198 635 1228 castrum
673 1190 842 1238 Tynecz
877 1203 1010 1241 prope
1046 1190 1302 1237 Cracoviam,
1338 1191 1406 1229 ubi
1442 1205 1550 1230 nunc

53 1253 219 1292 abbatia
258 1253 398 1292 Sancti
440 1253 654 1292 Benedicti
702 1268 776 1305 per
815 1254 1061 1293 Casimirum
1104 1255 1358 1293 Monachum
1408 1270 1550 1307 regem

58 1318 309 1365 Polonorum
327 1332 400 1356 seu
419 1318 681 1357 Lechitarum
700 1319 869 1358 fundata
884 1319 1080 1365 consistit,
1097 1319 1135 1357 in
1153 1320 1336 1371 quodam
1355 1321 1553 1359 seditioso

51 1383 245 1422 conflictu
293 1383 584 1434 captivaverat,
633 1392 886 1434 captumque
934 1383 973 1422 in
1022 1384 1182 1422 vincula
1230 1385 1403 1436 conjecit
1432 1399 1480 1423 ac
1514 1385 1554 1424 in

54 1447 261 1499 profundo
291 1447 412 1487 turris
442 1448 698 1498 Tynecensis
729 1449 856 1487 mirae
877 1449 1090 1487 custodiae
1112 1449 1383 1500 deputaverat
1412 1458 1553 1489 tenen-

50 1512 165 1551 dum.
226 1512 306 1551 Hic
344 1513 555 1551 walterus
599 1513 808 1563 quandam
845 1513 1038 1559 nobilem,
1072 1514 1240 1552 nomine
1269 1515 1552 1565 Helgundam,

51 1591 248 1629 sponsam
271 1577 487 1628 cujusdam
519 1578 629 1628 regis
651 1579 946 1627 (Almanorum
978 1578 1059 1624 filii,
1082 1587 1122 1617 et
1143 1579 1272 1629 regis)
1297 1579 1551 1618 Francorum

53 1642 189 1689 filiam,
213 1642 357 1681 habuit
377 1642 416 1680 in
443 1656 628 1687 uxorem,
652 1652 790 1693 quam,
815 1651 858 1682 ut
887 1643 1011 1693 ajunt,
1034 1643 1137 1681 clam
1169 1657 1313 1682 versus
1338 1644 1548 1683 Poloniam

53 1721 136 1746 non
157 1707 244 1746 sine
275 1708 438 1758 magnis
469 1707 656 1758 corporis
676 1707 739 1746 sui
770 1708 960 1758 periculis
981 1707 1166 1747 abduxit.
1226 1708 1389 1758 (Quum
1421 1709 1551 1757 enim)

53 1773 269 1824 cujusdam
297 1772 513 1810 Almaniae
541 1772 650 1823 regis
668 1772 774 1811 filius
802 1772 841 1810 in
871 1773 983 1810 curia
1004 1773 1114 1823 regis
1138 1773 1406 1818 Francorum,
1426 1774 1551 1824 patris

56 1837 308 1889 Helgundae
330 1837 566 1888 praedictae
588 1837 806 1883 foveretur,
828 1837 961 1888 gratia
991 1850 1152 1875 morum
1183 1838 1548 1888 capessendorum,

53 1902 266 1941 Walterus
283 1910 406 1953 prout
422 1910 508 1940 erat
523 1902 661 1940 animo
679 1902 895 1952 perspicax
912 1915 960 1940 ac
976 1902 1264 1948 industriosus,
1283 1903 1549 1942 considerans

51 1967 175 2006 filiam
188 1967 298 2018 regis
316 1967 584 2018 Helgundam
598 1975 614 1997 4
635 1966 674 2004 in
689 1966 797 2018 regis
814 1967 1032 2005 Almaniae
1046 1966 1173 2005 filium
1191 1967 1343 2006 amoris
1357 1967 1549 2007 affectum

51 2032 262 2078 avertisse,
285 2031 467 2082 quadam
491 2039 623 2077 nocte,
647 2031 812 2070 moenia
833 2031 954 2070 castri
975 2031 1216 2077 ascendens,
1239 2031 1408 2082 vigilem
1431 2033 1552 2071 castri

54 2097 187 2149 pretio
216 2096 420 2142 convenit,
444 2110 494 2134 ne
515 2096 650 2146 ipsum
674 2096 822 2147 quovis
853 2096 982 2135 modo
1012 2096 1209 2147 detegere
1240 2105 1489 2147 praesumat.
1513 2106 1553 2136 et

51 2162 110 2202 sic
148 2161 257 2217 dulci
299 2161 480 2200 melodia
519 2160 780 2211 perstrepuit,
821 2161 936 2211 quod
975 2161 1028 2199 ad
1069 2161 1190 2211 hujus
1229 2161 1393 2200 dulcem
1435 2161 1547 2201 vocis

52 2227 234 2266 sonitum
275 2226 386 2276 regis
425 2225 505 2263 filia
544 2239 566 2264 e
601 2225 764 2264 somnio
803 2225 991 2271 excitata,
1027 2225 1080 2264 de
1113 2226 1220 2264 lecto
1259 2225 1420 2270 saliens,
1455 2239 1547 2264 cum

51 2291 222 2330 caeteris
238 2290 467 2342 puellabus,
485 2290 618 2328 somni
635 2289 784 2340 quietis
806 2289 944 2336 oblita,
961 2290 1097 2328 cantui
1119 2289 1361 2329 dulcissimo
1383 2290 1549 2331 intenta,

54 2356 258 2402 manebat,
281 2355 415 2394 donec
445 2363 587 2393 cantor
606 2354 779 2393 vocibus
808 2367 1010 2393 sonorose
1035 2368 1202 2406 operam
1230 2354 1368 2393 dabat.
1427 2355 1551 2393 Mane

51 2428 190 2459 autem
221 2418 340 2463 facto,
365 2417 593 2469 Helgunda
616 2417 737 2468 jubet
756 2417 924 2468 vigilem
954 2417 1165 2464 accersire,
1188 2417 1430 2469 perquirens
1461 2417 1550 2456 dili-

53 2493 210 2535 genter,
229 2483 416 2535 quisnam
435 2483 576 2521 fuisset
592 2481 687 2520 ille?
720 2482 802 2532 Qui
818 2495 862 2521 se
879 2482 1123 2521 omnimodo
1143 2481 1334 2533 ignorare
1351 2495 1549 2523 asserens,

87 2583 103 2600 ’ἒ
113 2582 177 2607 The
191 2588 252 2607 text
266 2581 288 2606 is
304 2581 376 2606 stom
392 2580 573 2606 Bielowski’s
585 2582 592 2592 ‘
604 2580 794 2605 Monumenta
807 2579 945 2605 Poloniae
959 2580 1108 2606 Historica
1118 2580 1124 2589 '
1140 2580 1170 2606 ii.
1185 2588 1310 2611 510-514.
1323 2579 1417 2604 which
1433 2579 1484 2604 has
1501 2579 1549 2604 the

52 2633 164 2653 correct
184 2626 271 2651 forms
289 2625 440 2650 Walczerz
458 2625 515 2650 and
537 2625 646 2657 'ljvnecz
666 2623 780 2650 instead
794 2623 827 2649 of
841 2625 891 2649 the
905 2625 1047 2650 incorr-eet
1067 2624 1154 2649 forms
1171 2624 1323 2655 Wzlgerzs
1336 2623 1392 2648 and
1414 2624 1512 2656 Yjstneg
1523 2623 1555 2649 os

53 2670 297 2702 Sommersberg's
307 2670 419 2695 edition
431 2671 450 2698 ι(
462 2669 570 2694 Rerum
584 2668 788 2694 silesiacarum
801 2668 985 2700 Scriptores,'
1001 2677 1079 2701 1730:
1102 2669 1131 2698 ii¹
1144 2669 1237 2701 37—39]
1248 2668 1305 2692 and
1317 2667 1350 2692 os
1359 2667 1416 2692 San
1431 2668 1550 2693 Marte's

56 2716 167 2748 reprint
181 2716 201 2747 (⁸
211 2713 343 2740 Walther
357 2722 412 2739 von
427 2714 629 2746 Aquitanien,’
644 2722 667 2740 s,
679 2722 728 2744 2¹3
739 2713 793 2744 fi).
826 2712 1007 2738 Bielowski's
1018 2713 1167 2738 additions
1183 2718 1212 2737 to
1227 2712 1275 2738 the
1287 2718 1347 2738 text
1358 2720 1406 2736 are
1417 2712 1551 2738 enclosed

56 2762 84 2786 in
98 2759 292 2793 parenthesis.
330 2758 493 2791 Important
507 2759 636 2783 variants
649 2766 698 2783 are
711 2757 797 2789 given
810 2757 902 2783 below
915 2758 964 2783 the
979 2763 1050 2784 text.

102 2826 115 2848 1
144 2813 276 2856 Popeli
294 2812 331 2846 in
349 2813 461 2846 other
478 2813 656 2845 MSS—2
672 2812 826 2845 Valters
844 2811 892 2851 iv,
909 2812 1107 2845 Walcerus
1126 2822 1228 2853 xz-3
1255 2810 1369 2852 vdaly
1383 2810 1551 2844 &Valterz

51 2869 88 2908 ii,
110 2868 223 2910 wdalj
246 2867 464 2901 Walezerzs
483 2879 516 2906 v,
537 2866 642 2900 udali
661 2866 764 2905 Valt,
786 2866 931 2907 viii—4
955 2866 1193 2908 Algundam,
1215 2865 1250 2898 ii.
