1909 3279
105 546 182 583 435

106 868 185 904 44O

109 1190 186 1227 445

113 1512 192 1549 450

114 1834 190 1872 455

117 2148 196 2195 460

119 2469 196 2516 465

452 167 563 201 WAL
579 167 731 200 THEA’
760 167 834 200 OF
854 166 889 199 A
900 166 933 208 Q
943 167 1005 200 Ul
1013 167 1078 199 TA
1089 167 1198 199 lle‘.
1528 183 1567 208 ¹-

240 277 422 316 Uenerat
442 275 494 314 ad
516 275 686 314 fluuium
711 274 787 313 iam
811 288 984 326 uespere
1005 283 1089 313 tum
1115 274 1322 313 mediante

237 339 401 379 Scilicet
421 338 472 377 ad
497 338 706 383 Rhenum,
729 351 810 388 qua
832 351 975 376 cursus
997 337 1126 376 tendit
1147 337 1197 376 ad
1221 338 1363 376 urbem

241 403 422 442 Nomine
444 402 718 441 Wormatiam
743 402 867 452 regali
890 401 989 440 sede
1012 401 1221 440 nitentem.

243 468 326 507 Illic
348 481 422 519 pro
445 467 566 505 naulo
588 466 720 518 pisces
741 466 856 505 dedit
877 474 995 504 antea
1016 475 1171 517 captos.

243 533 294 572 Et
315 546 413 571 mox
435 531 708 582 transpositus
728 530 916 580 graditur
938 539 1205 581 properanter
1225 532 1409 571 anhelus.

293 598 395 637 Orta
416 596 504 635 dies
525 604 744 647 postquam
768 596 959 634 tenebras
980 595 1228 634 discusserat
1248 605 1366 640 atras.

244 660 418 700 Port1t0r
438 672 669 709 exsurgens
691 657 911 709 praefatam
938 658 1048 696 uenit
1070 658 1108 696 in
1131 659 1276 699 urbem

243 725 476 776 Regalique
497 736 599 762 coco
621 723 872 773 reliquorum
896 722 1052 773 quippe
1075 723 1271 773 magistro

242 790 458 829 Detulerat
478 788 610 840 pisces
631 801 737 838 quos
759 787 820 825 uir
840 786 956 826 dedit
977 787 1042 826 ille
1064 787 1206 826 uiator.

244 855 333 893 Hos
354 868 447 893 cum
471 852 695 904 pigmentis
718 851 927 890 condisset
948 861 987 890 et
1008 852 1270 902 apposuisset

244 919 352 970 Regi
375 917 620 961 Gunthario.
644 916 811 955 miratus
832 915 937 955 fatur
956 916 1008 954 ab
1029 917 1134 955 alto:

243 988 250 1003 ‘
269 984 390 1023 Istius
411 996 513 1033 ergo
535 981 648 1021 modi
671 981 803 1033 pisces
826 980 925 1019 mihi
949 981 1120 1019 Francia
1142 995 1367 1033 numquam

243 1046 461 1087 Ostendit:
493 1059 585 1084 reor
606 1044 784 1083 externis
805 1058 828 1082 a
849 1044 997 1082 finibus
1019 1044 1120 1083 illos.

246 1112 325 1150 Dic
347 1110 445 1149 mihi
467 1109 735 1161 quantocius:
767 1109 877 1147 cuias
900 1109 1027 1147 homo
1048 1109 1193 1148 detulit
1214 1109 1303 1149 illos
1318 1110 1353 1148 ?'

247 1177 426 1228 Ipseque
447 1174 706 1226 respondens
727 1182 874 1219 narrat,
897 1174 1012 1224 quod
1035 1182 1157 1213 nauta
1177 1174 1371 1214 dedisset.

246 1240 461 1279 Accersire
483 1239 691 1278 hominem
716 1238 907 1290 princeps
929 1238 1137 1289 praecepit
1157 1239 1350 1278 eundem.

248 1306 312 1350 Et,
335 1319 428 1344 cum
452 1304 644 1348 uenisset,
666 1304 719 1342 de
740 1316 782 1342 re
803 1302 1012 1354 quaesitus
1034 1303 1178 1342 eadem

247 1371 363 1410 Talia
383 1369 492 1408 dicta
513 1368 629 1408 dedit
649 1381 901 1418 causamque
922 1381 973 1406 ex
996 1368 1140 1406 ordine
1162 1369 1326 1419 pandit:

248 1439 255 1455 ‘
274 1436 461 1486 Uespere
482 1433 705 1485 praeterito
727 1432 961 1471 residebam
984 1432 1102 1471 litore
1126 1433 1262 1472 Rheni

247 1497 546 1549 Conspexique
567 1496 764 1535 uiatorem
790 1509 967 1547 propere
989 1495 1221 1535 uenientem

250 1564 302 1602 Et
323 1562 448 1601 ueluti
469 1575 635 1613 pugnae
655 1569 813 1599 certum
837 1573 911 1611 per
932 1560 1118 1598 membra
1138 1569 1325 1612 paratum
1345 1577 1350 1599 z

250 1629 360 1667 Aere
381 1626 532 1666 etenim
555 1626 718 1678 penitus
739 1625 871 1664 fuerat
892 1639 962 1664 rex
984 1625 1120 1664 inclite
1141 1625 1297 1665 cinctus

250 1692 446 1731 Cesserat
467 1698 506 1729 et
527 1698 687 1728 scutum
709 1688 905 1739 gradiens
927 1688 1172 1739 hastamque
1194 1702 1421 1728 coruscam.

250 1757 444 1807 Namque
466 1754 554 1793 uiro
574 1753 667 1793 forti
687 1753 829 1792 similis
851 1753 923 1792 fuit
943 1762 983 1792 et
1003 1753 1096 1792 licet
1117 1753 1263 1805 ingens

250 1821 497 1872 Asportaret
517 1832 633 1864 onus,
655 1831 844 1870 gressum
867 1826 1006 1857 tamen
1027 1818 1172 1858 extulit
1192 1832 1340 1858 acrem.

252 1886 375 1924 Hunc
396 1882 623 1923 incredibili
644 1882 800 1921 formae
821 1882 1018 1922 decorata
1040 1883 1171 1922 nitore

250 1949 500 2001 Assequitur
519 1948 760 1999 calcemque
780 1946 872 1986 terit
894 1947 972 1986 iam
996 1948 1108 1986 calce
1129 1949 1277 1999 puella.

252 2015 432 2066 Ipsaque
453 2013 666 2052 robustum
691 2012 795 2051 rexit
815 2026 888 2064 per
908 2012 994 2051 lora
1015 2013 1217 2052 caballum

251 2078 407 2119 Scrinia
428 2078 523 2116 bina
544 2077 714 2129 quidem
737 2077 863 2116 dorso
885 2091 966 2116 non
987 2091 1113 2129 parua
1134 2077 1344 2123 ferentem,

252 2144 383 2194 Quae,
405 2143 505 2182 dum
527 2141 730 2181 ceruicem
753 2142 919 2193 sonipes
940 2142 1179 2182 discusserit
1199 2143 1335 2189 altam,

252 2208 392 2258 Atque
413 2205 594 2257 superba
615 2204 728 2256 cupit
748 2205 981 2256 glomerare
1003 2205 1215 2244 uolumina
1236 2219 1414 2250 crurum,

254 2273 365 2311 Dant
386 2271 580 2315 sonitum,
602 2283 677 2308 ceu
699 2269 791 2320 quis
811 2269 989 2320 gemmis
1011 2269 1163 2309 illiserit
1183 2284 1341 2309 aurum.

255 2336 335 2375 Hic
357 2335 456 2374 mihi
479 2342 716 2386 praesentes
738 2334 910 2373 dederat
931 2347 1006 2385 pro
1028 2348 1199 2373 munere
1220 2335 1380 2386 pisce5.'

309 2401 386 2438 His
409 2400 589 2450 Hagano
610 2398 772 2443 auditis,
795 2398 848 2436 ad
870 2412 1055 2437 mensam
1079 2399 1235 2450 quippe
1257 2400 1419 2442 resedit.

256 2464 420 2503 Laetior
440 2463 480 2502 in
502 2463 685 2502 medium
709 2462 912 2514 prompsit
932 2463 985 2502 de
1006 2471 1175 2514 pectore
1196 2463 1368 2502 uerbum
1388 2479 1393 2501 ς

255 2528 553 2579 ‘Congaudete
574 2526 673 2565 mihi
695 2539 861 2577 quaeso,
885 2527 983 2578 quia
1003 2527 1098 2566 talia
1119 2527 1237 2566 noui:

254 2593 509 2632 WValtharius
530 2592 691 2643 collega
712 2605 828 2630 meus
849 2592 1050 2631 remeauit
1070 2592 1122 2630 ab
1146 2592 1307 2631 Hunis.'

257 2657 516 2697 Uociferatur
536 2665 575 2696 et
596 2656 729 2695 omnis
751 2656 787 2695 ei
808 2670 907 2695 mox
927 2656 1020 2695 aula
1041 2657 1248 2695 reclamat.

257 2721 512 2763 Guntharius
533 2721 725 2772 princeps
746 2734 797 2759 ex
819 2721 896 2759 hac
917 2721 1072 2760 ratione
1094 2721 1320 2772 superbus:

125 2801 204 2839 470
259 2791 268 2807 ‘
284 2786 559 2837 Congaudete
581 2785 681 2824 mihi
702 2785 837 2832 iubeo,
859 2785 956 2836 quia
977 2785 1071 2824 talia
1093 2785 1188 2824 uixi.

142 2882 207 2924 458
223 2863 415 2915 caualliim
435 2880 474 2913 P.
