<?xml version="1.0" encoding="UTF-8"?>
<!DOCTYPE html PUBLIC "-//W3C//DTD XHTML 1.0 Transitional//EN"
    "http://www.w3.org/TR/xhtml1/DTD/xhtml1-transitional.dtd">
<html xmlns="http://www.w3.org/1999/xhtml" xml:lang="en" lang="en">
 <head>
  <title>
</title>
<meta http-equiv="Content-Type" content="text/html;charset=utf-8" />
  <meta name='ocr-system' content='tesseract 3.04.00' />
  <meta name='ocr-capabilities' content='ocr_page ocr_carea ocr_par ocr_line ocrx_word'/>
</head>
<body>
  <div class='ocr_page' id='page_1' title='image "./sagaofwaltherofa00learrich_0023.png"; bbox 0 0 1909 3279; ppageno 0'>
   <div class='ocr_carea' id='block_1_1' title="bbox 381 177 1129 218">
    <p class='ocr_par' dir='ltr' id='par_1_1' title="bbox 381 177 1129 218">
     <span class='ocr_line' id='line_1_1' title="bbox 381 177 1129 218; baseline 0 -8"><span class='ocrx_word' id='word_1_1' title='bbox 381 178 493 211; x_wconf 73' lang='lat' dir='ltr'><strong>WAJ,</strong></span> <span class='ocrx_word' id='word_1_2' title='bbox 510 177 662 211; x_wconf 75' lang='lat' dir='ltr'><em>THER</em></span> <span class='ocrx_word' id='word_1_3' title='bbox 690 178 764 211; x_wconf 75' lang='lat' dir='ltr'><strong>OF</strong></span> <span class='ocrx_word' id='word_1_4' title='bbox 783 177 1009 218; x_wconf 57' lang='lat' dir='ltr'><em>AQUITA</em></span> <span class='ocrx_word' id='word_1_5' title='bbox 1019 177 1129 211; x_wconf 68' lang='grc' dir='ltr'><em>[ΝΕ.</em></span> 
     </span>
    </p>
   </div>
   <div class='ocr_carea' id='block_1_2' title="bbox 61 285 1421 2785">
    <p class='ocr_par' dir='ltr' id='par_1_2' title="bbox 63 285 1340 339">
     <span class='ocr_line' id='line_1_2' title="bbox 63 285 1340 339; baseline -0.002 -14"><span class='ocrx_word' id='word_1_6' title='bbox 63 301 115 337; x_wconf 77' lang='lat'><strong>40</strong></span> <span class='ocrx_word' id='word_1_7' title='bbox 228 287 400 339; x_wconf 87' lang='lat' dir='ltr'><strong>lamque</strong></span> <span class='ocrx_word' id='word_1_8' title='bbox 423 286 583 324; x_wconf 80' lang='lat' dir='ltr'><strong>Anares</strong></span> <span class='ocrx_word' id='word_1_9' title='bbox 605 285 721 324; x_wconf 87' lang='lat' dir='ltr'><strong>firma</strong></span> <span class='ocrx_word' id='word_1_10' title='bbox 743 299 835 323; x_wconf 90' lang='lat' dir='ltr'><strong>cum</strong></span> <span class='ocrx_word' id='word_1_11' title='bbox 863 285 1029 323; x_wconf 78' lang='lat' dir='ltr'><strong>Francis</strong></span> <span class='ocrx_word' id='word_1_12' title='bbox 1052 299 1153 336; x_wconf 80' lang='lat' dir='ltr'><strong>pace</strong></span> <span class='ocrx_word' id='word_1_13' title='bbox 1176 294 1340 336; x_wconf 75' lang='lat' dir='ltr'><strong>peracta</strong></span> 
     </span>
    </p>

    <p class='ocr_par' dir='ltr' id='par_1_3' title="bbox 169 349 1192 531">
     <span class='ocr_line' id='line_1_3' title="bbox 169 349 1152 402; baseline -0.003 -11"><span class='ocrx_word' id='word_1_14' title='bbox 169 351 439 402; x_wconf 86' lang='lat' dir='ltr'><strong>Suspendunt</strong></span> <span class='ocrx_word' id='word_1_15' title='bbox 459 365 481 389; x_wconf 88' lang='lat' dir='ltr'><strong>a</strong></span> <span class='ocrx_word' id='word_1_16' title='bbox 503 350 583 389; x_wconf 82' lang='lat' dir='ltr'><strong>fine</strong></span> <span class='ocrx_word' id='word_1_17' title='bbox 603 349 771 401; x_wconf 85' lang='lat' dir='ltr'><strong>quidem</strong></span> <span class='ocrx_word' id='word_1_18' title='bbox 795 349 975 400; x_wconf 78' lang='lat' dir='ltr'>regionis</span> <span class='ocrx_word' id='word_1_19' title='bbox 996 363 1152 388; x_wconf 88' lang='lat' dir='ltr'><strong>eorum.</strong></span> 
     </span>
     <span class='ocr_line' id='line_1_4' title="bbox 170 414 1192 455; baseline -0.003 0"><span class='ocrx_word' id='word_1_20' title='bbox 170 415 296 455; x_wconf 81' lang='lat' dir='ltr'>Attila</span> <span class='ocrx_word' id='word_1_21' title='bbox 315 415 389 454; x_wconf 86' lang='lat' dir='ltr'><strong>sed</strong></span> <span class='ocrx_word' id='word_1_22' title='bbox 411 415 564 454; x_wconf 82' lang='lat' dir='ltr'><strong>celeres</strong></span> <span class='ocrx_word' id='word_1_23' title='bbox 587 428 683 453; x_wconf 84' lang='lat' dir='ltr'><strong>mox</strong></span> <span class='ocrx_word' id='word_1_24' title='bbox 707 414 787 452; x_wconf 90' lang='lat' dir='ltr'><strong>huc</strong></span> <span class='ocrx_word' id='word_1_25' title='bbox 808 414 987 453; x_wconf 82' lang='lat' dir='ltr'><strong>deflectit</strong></span> <span class='ocrx_word' id='word_1_26' title='bbox 1010 414 1192 452; x_wconf 80' lang='lat' dir='ltr'><strong>habenas</strong></span> 
     </span>
     <span class='ocr_line' id='line_1_5' title="bbox 171 479 1157 531; baseline -0.001 -12"><span class='ocrx_word' id='word_1_27' title='bbox 171 481 259 520; x_wconf 91' lang='lat' dir='ltr'><strong>Nec</strong></span> <span class='ocrx_word' id='word_1_28' title='bbox 280 481 441 520; x_wconf 88' lang='lat' dir='ltr'><strong>tardant</strong></span> <span class='ocrx_word' id='word_1_29' title='bbox 463 479 606 531; x_wconf 80' lang='lat' dir='ltr'><strong>reliqui</strong></span> <span class='ocrx_word' id='word_1_30' title='bbox 628 488 815 530; x_wconf 79' lang='lat' dir='ltr'><strong>satrapae</strong></span> <span class='ocrx_word' id='word_1_31' title='bbox 836 479 1010 529; x_wconf 81' lang='lat' dir='ltr'><strong>uestigia</strong></span> <span class='ocrx_word' id='word_1_32' title='bbox 1031 479 1157 518; x_wconf 81' lang='lat' dir='ltr'><strong>adire.</strong></span> 
     </span>
    </p>

    <p class='ocr_par' dir='ltr' id='par_1_4' title="bbox 173 543 1185 596">
     <span class='ocr_line' id='line_1_6' title="bbox 173 543 1185 596; baseline -0.003 -12"><span class='ocrx_word' id='word_1_33' title='bbox 173 546 290 584; x_wconf 86' lang='lat' dir='ltr'><strong>Ibant</strong></span> <span class='ocrx_word' id='word_1_34' title='bbox 310 544 473 596; x_wconf 83' lang='lat' dir='ltr'><strong>aequati</strong></span> <span class='ocrx_word' id='word_1_35' title='bbox 496 557 681 586; x_wconf 83' lang='lat' dir='ltr'><strong>numero.</strong></span> <span class='ocrx_word' id='word_1_36' title='bbox 703 543 777 582; x_wconf 85' lang='lat' dir='ltr'><strong>sed</strong></span> <span class='ocrx_word' id='word_1_37' title='bbox 800 552 838 582; x_wconf 90' lang='lat' dir='ltr'><strong>et</strong></span> <span class='ocrx_word' id='word_1_38' title='bbox 859 543 1025 594; x_wconf 78' lang='lat' dir='ltr'><strong>agmine</strong></span> <span class='ocrx_word' id='word_1_39' title='bbox 1047 543 1185 592; x_wconf 78' lang='lat' dir='ltr'><strong>longo,</strong></span> 
     </span>
    </p>

    <p class='ocr_par' dir='ltr' id='par_1_5' title="bbox 61 606 1290 916">
     <span class='ocr_line' id='line_1_7' title="bbox 61 606 1234 659; baseline 0 -12"><span class='ocrx_word' id='word_1_40' title='bbox 61 622 110 658; x_wconf 73' lang='grc'><strong>45</strong></span> <span class='ocrx_word' id='word_1_41' title='bbox 169 608 501 659; x_wconf 80' lang='lat' dir='ltr'><strong>Quadrupedum</strong></span> <span class='ocrx_word' id='word_1_42' title='bbox 523 620 644 645; x_wconf 88' lang='lat' dir='ltr'><strong>cursu</strong></span> <span class='ocrx_word' id='word_1_43' title='bbox 666 607 786 646; x_wconf 89' lang='lat' dir='ltr'><strong>tellus</strong></span> <span class='ocrx_word' id='word_1_44' title='bbox 807 619 1007 644; x_wconf 80' lang='lat' dir='ltr'><strong>concussa</strong></span> <span class='ocrx_word' id='word_1_45' title='bbox 1027 606 1234 656; x_wconf 79' lang='lat' dir='ltr'><strong>gemebat.</strong></span> 
     </span>
     <span class='ocr_line' id='line_1_8' title="bbox 168 671 1225 722; baseline -0.002 -11"><span class='ocrx_word' id='word_1_46' title='bbox 168 673 388 712; x_wconf 87' lang='lat' dir='ltr'><strong>Scutorum</strong></span> <span class='ocrx_word' id='word_1_47' title='bbox 411 671 546 711; x_wconf 88' lang='lat' dir='ltr'><strong>sonitu</strong></span> <span class='ocrx_word' id='word_1_48' title='bbox 569 671 746 722; x_wconf 85' lang='lat' dir='ltr'><strong>pauidus</strong></span> <span class='ocrx_word' id='word_1_49' title='bbox 767 671 1050 722; x_wconf 85' lang='lat' dir='ltr'><strong>superintonat</strong></span> <span class='ocrx_word' id='word_1_50' title='bbox 1071 671 1225 710; x_wconf 79' lang='lat' dir='ltr'><strong>aether.</strong></span> 
     </span>
     <span class='ocr_line' id='line_1_9' title="bbox 171 735 1208 786; baseline -0.003 -10"><span class='ocrx_word' id='word_1_51' title='bbox 171 738 320 776; x_wconf 81' lang='lat' dir='ltr'><strong>Ferrea</strong></span> <span class='ocrx_word' id='word_1_52' title='bbox 341 736 442 776; x_wconf 87' lang='lat' dir='ltr'><strong>silua</strong></span> <span class='ocrx_word' id='word_1_53' title='bbox 465 736 587 775; x_wconf 86' lang='lat' dir='ltr'><strong>micat</strong></span> <span class='ocrx_word' id='word_1_54' title='bbox 609 744 718 775; x_wconf 88' lang='lat' dir='ltr'><strong>totos</strong></span> <span class='ocrx_word' id='word_1_55' title='bbox 740 735 945 774; x_wconf 85' lang='lat' dir='ltr'><strong>rutilando</strong></span> <span class='ocrx_word' id='word_1_56' title='bbox 967 749 1040 786; x_wconf 91' lang='lat' dir='ltr'><strong>per</strong></span> <span class='ocrx_word' id='word_1_57' title='bbox 1061 749 1208 785; x_wconf 83' lang='lat' dir='ltr'><strong>agros:</strong></span> 
     </span>
     <span class='ocr_line' id='line_1_10' title="bbox 172 800 1290 852; baseline -0.002 -12"><span class='ocrx_word' id='word_1_58' title='bbox 172 802 298 840; x_wconf 88' lang='lat' dir='ltr'><strong>Haud</strong></span> <span class='ocrx_word' id='word_1_59' title='bbox 319 801 448 846; x_wconf 76' lang='lat' dir='ltr'><strong>aliter,</strong></span> <span class='ocrx_word' id='word_1_60' title='bbox 471 800 604 852; x_wconf 88' lang='lat' dir='ltr'><strong>primo</strong></span> <span class='ocrx_word' id='word_1_61' title='bbox 626 813 749 850; x_wconf 85' lang='lat' dir='ltr'><strong>quam</strong></span> <span class='ocrx_word' id='word_1_62' title='bbox 774 800 941 851; x_wconf 88' lang='lat' dir='ltr'><strong>pulsans</strong></span> <span class='ocrx_word' id='word_1_63' title='bbox 966 813 1147 850; x_wconf 87' lang='lat' dir='ltr'><strong>aequora</strong></span> <span class='ocrx_word' id='word_1_64' title='bbox 1171 814 1290 838; x_wconf 77' lang='lat' dir='ltr'><strong>mane</strong></span> 
     </span>
     <span class='ocr_line' id='line_1_11' title="bbox 172 864 1217 916; baseline -0.002 -11"><span class='ocrx_word' id='word_1_65' title='bbox 172 867 346 905; x_wconf 84' lang='lat' dir='ltr'><strong>Pulcher</strong></span> <span class='ocrx_word' id='word_1_66' title='bbox 366 866 405 905; x_wconf 92' lang='lat' dir='ltr'><strong>in</strong></span> <span class='ocrx_word' id='word_1_67' title='bbox 427 865 620 905; x_wconf 83' lang='lat' dir='ltr'><strong>extremis</strong></span> <span class='ocrx_word' id='word_1_68' title='bbox 642 865 788 904; x_wconf 88' lang='lat' dir='ltr'><strong>renitet</strong></span> <span class='ocrx_word' id='word_1_69' title='bbox 807 865 868 903; x_wconf 78' lang='lat' dir='ltr'><strong>sol</strong></span> <span class='ocrx_word' id='word_1_70' title='bbox 891 864 1074 916; x_wconf 83' lang='lat' dir='ltr'><strong>partibus</strong></span> <span class='ocrx_word' id='word_1_71' title='bbox 1095 865 1217 903; x_wconf 80' lang='lat' dir='ltr'><strong>orbis.</strong></span> 
     </span>
    </p>

    <p class='ocr_par' dir='ltr' id='par_1_6' title="bbox 63 929 1421 1048">
     <span class='ocr_line' id='line_1_12' title="bbox 63 929 1421 982; baseline -0.004 -11"><span class='ocrx_word' id='word_1_72' title='bbox 63 945 112 981; x_wconf 81' lang='grc' dir='ltr'><strong>5ο</strong></span> <span class='ocrx_word' id='word_1_73' title='bbox 170 933 343 982; x_wconf 84' lang='lat' dir='ltr'><strong>Iamque</strong></span> <span class='ocrx_word' id='word_1_74' title='bbox 365 930 529 969; x_wconf 82' lang='lat' dir='ltr'><strong>Ararim</strong></span> <span class='ocrx_word' id='word_1_75' title='bbox 555 930 867 980; x_wconf 86' lang='lat' dir='ltr'><strong>Rodanumque</strong></span> <span class='ocrx_word' id='word_1_76' title='bbox 888 943 1031 967; x_wconf 85' lang='lat' dir='ltr'><strong>amnes</strong></span> <span class='ocrx_word' id='word_1_77' title='bbox 1053 929 1296 968; x_wconf 82' lang='lat' dir='ltr'><strong>transiuerat</strong></span> <span class='ocrx_word' id='word_1_78' title='bbox 1319 930 1421 968; x_wconf 60' lang='lat' dir='ltr'><strong>altos</strong></span> 
     </span>
     <span class='ocr_line' id='line_1_13' title="bbox 169 994 1314 1048; baseline -0.003 -13"><span class='ocrx_word' id='word_1_79' title='bbox 169 997 310 1048; x_wconf 88' lang='lat' dir='ltr'><strong>Atque</strong></span> <span class='ocrx_word' id='word_1_80' title='bbox 331 995 383 1034; x_wconf 92' lang='lat' dir='ltr'><strong>ad</strong></span> <span class='ocrx_word' id='word_1_81' title='bbox 406 994 693 1047; x_wconf 85' lang='lat' dir='ltr'><strong>praedandum</strong></span> <span class='ocrx_word' id='word_1_82' title='bbox 717 1008 872 1033; x_wconf 81' lang='lat' dir='ltr'><strong>cuneus</strong></span> <span class='ocrx_word' id='word_1_83' title='bbox 894 994 1148 1045; x_wconf 76' lang='lat' dir='ltr'><strong>dispergitur</strong></span> <span class='ocrx_word' id='word_1_84' title='bbox 1169 994 1314 1032; x_wconf 78' lang='lat' dir='ltr'><strong>omnis.</strong></span> 
     </span>
    </p>

    <p class='ocr_par' dir='ltr' id='par_1_7' title="bbox 170 1057 1252 1239">
     <span class='ocr_line' id='line_1_14' title="bbox 224 1057 1127 1098; baseline -0.003 0"><span class='ocrx_word' id='word_1_85' title='bbox 224 1060 347 1098; x_wconf 83' lang='lat' dir='ltr'><strong>Forte</strong></span> <span class='ocrx_word' id='word_1_86' title='bbox 369 1057 573 1098; x_wconf 88' lang='lat' dir='ltr'><strong>Cauilloni</strong></span> <span class='ocrx_word' id='word_1_87' title='bbox 595 1057 702 1096; x_wconf 90' lang='lat' dir='ltr'><strong>sedit</strong></span> <span class='ocrx_word' id='word_1_88' title='bbox 726 1057 949 1098; x_wconf 79' lang='lat' dir='ltr'><strong>Heriricns.</strong></span> <span class='ocrx_word' id='word_1_89' title='bbox 972 1066 1012 1095; x_wconf 92' lang='lat' dir='ltr'><strong>et</strong></span> <span class='ocrx_word' id='word_1_90' title='bbox 1033 1071 1127 1095; x_wconf 82' lang='lat' dir='ltr'><strong>ecce</strong></span> 
     </span>
     <span class='ocr_line' id='line_1_15' title="bbox 171 1121 1090 1174; baseline -0.004 -11"><span class='ocrx_word' id='word_1_91' title='bbox 171 1124 378 1163; x_wconf 84' lang='lat' dir='ltr'><strong>Attollens</strong></span> <span class='ocrx_word' id='word_1_92' title='bbox 399 1123 543 1162; x_wconf 89' lang='lat' dir='ltr'><strong>oculos</strong></span> <span class='ocrx_word' id='word_1_93' title='bbox 563 1122 799 1174; x_wconf 89' lang='lat' dir='ltr'><strong>speculator</strong></span> <span class='ocrx_word' id='word_1_94' title='bbox 820 1121 1090 1160; x_wconf 76' lang='lat' dir='ltr'><strong>uociferatur:</strong></span> 
     </span>
     <span class='ocr_line' id='line_1_16' title="bbox 170 1186 1252 1239; baseline -0.004 -12"><span class='ocrx_word' id='word_1_95' title='bbox 170 1194 177 1208; x_wconf 87' lang='lat'>‘</span> <span class='ocrx_word' id='word_1_96' title='bbox 196 1189 411 1239; x_wconf 78' lang='lat' dir='ltr'><strong>Quaenam</strong></span> <span class='ocrx_word' id='word_1_97' title='bbox 435 1187 647 1226; x_wconf 90' lang='lat' dir='ltr'><strong>condenso</strong></span> <span class='ocrx_word' id='word_1_98' title='bbox 669 1186 881 1237; x_wconf 82' lang='lat' dir='ltr'><strong>consurgit</strong></span> <span class='ocrx_word' id='word_1_99' title='bbox 903 1186 1072 1238; x_wconf 89' lang='lat' dir='ltr'><strong>puluere</strong></span> <span class='ocrx_word' id='word_1_100' title='bbox 1095 1186 1252 1224; x_wconf 85' lang='lat' dir='ltr'><strong>nubes?</strong></span> 
     </span>
    </p>

    <p class='ocr_par' dir='ltr' id='par_1_8' title="bbox 63 1249 1252 1432">
     <span class='ocr_line' id='line_1_17' title="bbox 63 1249 1252 1303; baseline -0.003 -12"><span class='ocrx_word' id='word_1_101' title='bbox 63 1266 111 1303; x_wconf 90' lang='grc'><strong>55</strong></span> <span class='ocrx_word' id='word_1_102' title='bbox 172 1252 246 1292; x_wconf 90' lang='lat' dir='ltr'><strong>Uis</strong></span> <span class='ocrx_word' id='word_1_103' title='bbox 268 1251 428 1290; x_wconf 90' lang='lat' dir='ltr'><strong>inimica</strong></span> <span class='ocrx_word' id='word_1_104' title='bbox 451 1250 574 1292; x_wconf 72' lang='lat' dir='ltr'><strong>uenit,</strong></span> <span class='ocrx_word' id='word_1_105' title='bbox 597 1259 736 1301; x_wconf 89' lang='lat' dir='ltr'><strong>portas</strong></span> <span class='ocrx_word' id='word_1_106' title='bbox 757 1249 836 1288; x_wconf 90' lang='lat' dir='ltr'><strong>iam</strong></span> <span class='ocrx_word' id='word_1_107' title='bbox 860 1249 1039 1288; x_wconf 86' lang='lat' dir='ltr'><strong>claudite</strong></span> <span class='ocrx_word' id='word_1_108' title='bbox 1060 1250 1252 1288; x_wconf 54' lang='lat' dir='ltr'><strong>cunctas?</strong></span> 
     </span>
     <span class='ocr_line' id='line_1_18' title="bbox 174 1314 1160 1367; baseline -0.004 -11"><span class='ocrx_word' id='word_1_109' title='bbox 174 1318 259 1356; x_wconf 83' lang='lat' dir='ltr'><strong>Iam</strong></span> <span class='ocrx_word' id='word_1_110' title='bbox 281 1325 367 1356; x_wconf 88' lang='lat' dir='ltr'><strong>tum</strong></span> <span class='ocrx_word' id='word_1_111' title='bbox 391 1315 493 1367; x_wconf 90' lang='lat' dir='ltr'><strong>quid</strong></span> <span class='ocrx_word' id='word_1_112' title='bbox 517 1315 663 1353; x_wconf 84' lang='lat' dir='ltr'><strong>Franci</strong></span> <span class='ocrx_word' id='word_1_113' title='bbox 685 1314 876 1353; x_wconf 87' lang='lat' dir='ltr'><strong>fecissent</strong></span> <span class='ocrx_word' id='word_1_114' title='bbox 897 1314 984 1365; x_wconf 86' lang='lat' dir='ltr'><strong>ipse</strong></span> <span class='ocrx_word' id='word_1_115' title='bbox 1005 1314 1160 1352; x_wconf 84' lang='lat' dir='ltr'><strong>sciebat</strong></span> 
     </span>
     <span class='ocr_line' id='line_1_19' title="bbox 174 1379 1156 1432; baseline -0.004 -12"><span class='ocrx_word' id='word_1_116' title='bbox 174 1381 367 1432; x_wconf 83' lang='lat' dir='ltr'><strong>Princeps</strong></span> <span class='ocrx_word' id='word_1_117' title='bbox 389 1389 428 1419; x_wconf 91' lang='lat' dir='ltr'><strong>et</strong></span> <span class='ocrx_word' id='word_1_118' title='bbox 448 1388 618 1419; x_wconf 91' lang='lat' dir='ltr'><strong>cunctos</strong></span> <span class='ocrx_word' id='word_1_119' title='bbox 639 1379 848 1430; x_wconf 87' lang='lat' dir='ltr'><strong>conpellat</strong></span> <span class='ocrx_word' id='word_1_120' title='bbox 869 1379 926 1418; x_wconf 89' lang='lat' dir='ltr'><strong>sic</strong></span> <span class='ocrx_word' id='word_1_121' title='bbox 947 1379 1130 1417; x_wconf 82' lang='lat' dir='ltr'><strong>seniores</strong></span> <span class='ocrx_word' id='word_1_122' title='bbox 1150 1393 1156 1416; x_wconf 91' lang='grc'>;</span> 
     </span>
    </p>

    <p class='ocr_par' dir='ltr' id='par_1_9' title="bbox 171 1443 1236 1558">
     <span class='ocr_line' id='line_1_20' title="bbox 171 1443 1236 1497; baseline -0.003 -12"><span class='ocrx_word' id='word_1_123' title='bbox 171 1446 238 1486; x_wconf 84' lang='lat' dir='ltr'><strong>‘Si</strong></span> <span class='ocrx_word' id='word_1_124' title='bbox 259 1459 362 1497; x_wconf 87' lang='lat' dir='ltr'><strong>gens</strong></span> <span class='ocrx_word' id='word_1_125' title='bbox 384 1454 466 1485; x_wconf 89' lang='lat' dir='ltr'><strong>tam</strong></span> <span class='ocrx_word' id='word_1_126' title='bbox 489 1444 603 1484; x_wconf 81' lang='lat' dir='ltr'><strong>fortis</strong></span> <span class='ocrx_word' id='word_1_127' title='bbox 625 1444 690 1483; x_wconf 89' lang='lat' dir='ltr'><strong>cui</strong></span> <span class='ocrx_word' id='word_1_128' title='bbox 711 1458 786 1482; x_wconf 88' lang='lat' dir='ltr'><strong>nos</strong></span> <span class='ocrx_word' id='word_1_129' title='bbox 806 1444 984 1482; x_wconf 88' lang='lat' dir='ltr'><strong>similare</strong></span> <span class='ocrx_word' id='word_1_130' title='bbox 1006 1443 1236 1494; x_wconf 73' lang='lat' dir='ltr'><strong>nequimus.</strong></span> 
     </span>
     <span class='ocr_line' id='line_1_21' title="bbox 171 1506 1115 1558; baseline -0.004 -9"><span class='ocrx_word' id='word_1_131' title='bbox 171 1509 305 1549; x_wconf 87' lang='lat' dir='ltr'><strong>Cessit</strong></span> <span class='ocrx_word' id='word_1_132' title='bbox 328 1508 574 1549; x_wconf 80' lang='lat' dir='ltr'><strong>Pannoniae.</strong></span> <span class='ocrx_word' id='word_1_133' title='bbox 597 1521 680 1558; x_wconf 85' lang='lat' dir='ltr'><strong>qua</strong></span> <span class='ocrx_word' id='word_1_134' title='bbox 696 1521 771 1545; x_wconf 88' lang='lat' dir='ltr'><strong>nos</strong></span> <span class='ocrx_word' id='word_1_135' title='bbox 792 1506 942 1546; x_wconf 87' lang='lat' dir='ltr'><strong>uirtute</strong></span> <span class='ocrx_word' id='word_1_136' title='bbox 964 1506 1115 1557; x_wconf 75' lang='lat' dir='ltr'><strong>putatis</strong></span> 
     </span>
    </p>

    <p class='ocr_par' dir='ltr' id='par_1_10' title="bbox 63 1569 1397 1816">
     <span class='ocr_line' id='line_1_22' title="bbox 63 1569 1397 1621; baseline -0.004 -9"><span class='ocrx_word' id='word_1_137' title='bbox 63 1577 115 1612; x_wconf 82' lang='lat'><strong>60</strong></span> <span class='ocrx_word' id='word_1_138' title='bbox 174 1573 283 1611; x_wconf 88' lang='lat' dir='ltr'><strong>Huic</strong></span> <span class='ocrx_word' id='word_1_139' title='bbox 304 1571 488 1610; x_wconf 89' lang='lat' dir='ltr'><strong>conferre</strong></span> <span class='ocrx_word' id='word_1_140' title='bbox 509 1584 676 1609; x_wconf 88' lang='lat' dir='ltr'><strong>manum</strong></span> <span class='ocrx_word' id='word_1_141' title='bbox 700 1579 740 1609; x_wconf 91' lang='lat' dir='ltr'><strong>et</strong></span> <span class='ocrx_word' id='word_1_142' title='bbox 762 1570 934 1621; x_wconf 85' lang='lat' dir='ltr'><strong>patriam</strong></span> <span class='ocrx_word' id='word_1_143' title='bbox 958 1569 1182 1608; x_wconf 78' lang='lat' dir='ltr'><strong>defendere</strong></span> <span class='ocrx_word' id='word_1_144' title='bbox 1203 1569 1366 1607; x_wconf 85' lang='lat' dir='ltr'><strong>dulcem</strong></span> <span class='ocrx_word' id='word_1_145' title='bbox 1385 1569 1397 1605; x_wconf 81' lang='lat'>?</span> 
     </span>
     <span class='ocr_line' id='line_1_23' title="bbox 170 1635 1290 1688; baseline -0.004 -12"><span class='ocrx_word' id='word_1_146' title='bbox 170 1638 244 1677; x_wconf 85' lang='lat' dir='ltr'><strong>Est</strong></span> <span class='ocrx_word' id='word_1_147' title='bbox 264 1637 403 1682; x_wconf 88' lang='lat' dir='ltr'><strong>satius,</strong></span> <span class='ocrx_word' id='word_1_148' title='bbox 427 1645 592 1688; x_wconf 88' lang='lat' dir='ltr'><strong>pactum</strong></span> <span class='ocrx_word' id='word_1_149' title='bbox 615 1635 763 1674; x_wconf 82' lang='lat' dir='ltr'><strong>saciant</strong></span> <span class='ocrx_word' id='word_1_150' title='bbox 784 1648 1039 1685; x_wconf 85' lang='lat' dir='ltr'><strong>censumque</strong></span> <span class='ocrx_word' id='word_1_151' title='bbox 1061 1644 1290 1685; x_wconf 79' lang='lat' dir='ltr'><strong>capessant.</strong></span> 
     </span>
     <span class='ocr_line' id='line_1_24' title="bbox 173 1699 1159 1752; baseline -0.004 -11"><span class='ocrx_word' id='word_1_152' title='bbox 173 1702 304 1742; x_wconf 86' lang='lat' dir='ltr'><strong>Unica</strong></span> <span class='ocrx_word' id='word_1_153' title='bbox 325 1710 417 1741; x_wconf 85' lang='lat' dir='ltr'><strong>nata</strong></span> <span class='ocrx_word' id='word_1_154' title='bbox 439 1701 538 1740; x_wconf 88' lang='lat' dir='ltr'><strong>mihi</strong></span> <span class='ocrx_word' id='word_1_155' title='bbox 560 1715 685 1752; x_wconf 88' lang='lat' dir='ltr'><strong>quam</strong></span> <span class='ocrx_word' id='word_1_156' title='bbox 709 1700 870 1739; x_wconf 83' lang='lat' dir='ltr'><strong>tradere</strong></span> <span class='ocrx_word' id='word_1_157' title='bbox 892 1713 967 1751; x_wconf 89' lang='lat' dir='ltr'><strong>pro</strong></span> <span class='ocrx_word' id='word_1_158' title='bbox 990 1699 1159 1748; x_wconf 78' lang='lat' dir='ltr'><strong>regione</strong></span> 
     </span>
     <span class='ocr_line' id='line_1_25' title="bbox 172 1763 1333 1816; baseline -0.004 -10"><span class='ocrx_word' id='word_1_159' title='bbox 172 1769 265 1806; x_wconf 87' lang='lat' dir='ltr'><strong>Non</strong></span> <span class='ocrx_word' id='word_1_160' title='bbox 286 1766 456 1806; x_wconf 85' lang='lat' dir='ltr'><strong>dubito:</strong></span> <span class='ocrx_word' id='word_1_161' title='bbox 487 1775 644 1805; x_wconf 88' lang='lat' dir='ltr'><strong>tantum</strong></span> <span class='ocrx_word' id='word_1_162' title='bbox 669 1773 844 1816; x_wconf 80' lang='lat' dir='ltr'><strong>pergant</strong></span> <span class='ocrx_word' id='word_1_163' title='bbox 865 1764 934 1814; x_wconf 87' lang='lat' dir='ltr'><strong>qui</strong></span> <span class='ocrx_word' id='word_1_164' title='bbox 956 1764 1124 1802; x_wconf 86' lang='lat' dir='ltr'><strong>foedera</strong></span> <span class='ocrx_word' id='word_1_165' title='bbox 1145 1763 1333 1802; x_wconf 81' lang='lat' dir='ltr'><strong>firment.&#39;</strong></span> 
     </span>
    </p>

    <p class='ocr_par' dir='ltr' id='par_1_11' title="bbox 225 1829 971 1881">
     <span class='ocr_line' id='line_1_26' title="bbox 225 1829 971 1881; baseline 0 -11"><span class='ocrx_word' id='word_1_166' title='bbox 225 1832 344 1871; x_wconf 87' lang='lat' dir='ltr'><strong>Ibant</strong></span> <span class='ocrx_word' id='word_1_167' title='bbox 363 1831 488 1881; x_wconf 80' lang='lat' dir='ltr'><strong>legati</strong></span> <span class='ocrx_word' id='word_1_168' title='bbox 509 1830 605 1870; x_wconf 92' lang='lat' dir='ltr'><strong>totis</strong></span> <span class='ocrx_word' id='word_1_169' title='bbox 626 1829 774 1880; x_wconf 80' lang='lat' dir='ltr'><strong>gladiis</strong></span> <span class='ocrx_word' id='word_1_170' title='bbox 795 1829 971 1880; x_wconf 81' lang='lat' dir='ltr'><strong>spoliati.</strong></span> 
     </span>
    </p>

    <p class='ocr_par' dir='ltr' id='par_1_12' title="bbox 61 1893 1222 1948">
     <span class='ocr_line' id='line_1_27' title="bbox 61 1893 1222 1948; baseline -0.006 -11"><span class='ocrx_word' id='word_1_171' title='bbox 61 1902 111 1948; x_wconf 83' lang='lat'><strong>65</strong></span> <span class='ocrx_word' id='word_1_172' title='bbox 172 1897 375 1936; x_wconf 87' lang='lat' dir='ltr'><strong>Hostibus</strong></span> <span class='ocrx_word' id='word_1_173' title='bbox 392 1896 596 1934; x_wconf 88' lang='lat' dir='ltr'><strong>insinuant</strong></span> <span class='ocrx_word' id='word_1_174' title='bbox 617 1895 730 1946; x_wconf 87' lang='lat' dir='ltr'><strong>quod</strong></span> <span class='ocrx_word' id='word_1_175' title='bbox 754 1894 862 1945; x_wconf 86' lang='lat' dir='ltr'><strong>regis</strong></span> <span class='ocrx_word' id='word_1_176' title='bbox 884 1893 1009 1932; x_wconf 87' lang='lat' dir='ltr'><strong>iussio</strong></span> <span class='ocrx_word' id='word_1_177' title='bbox 1031 1893 1222 1931; x_wconf 87' lang='lat' dir='ltr'><strong>mandat:</strong></span> 
     </span>
    </p>

    <p class='ocr_par' dir='ltr' id='par_1_13' title="bbox 170 1956 1264 2072">
     <span class='ocr_line' id='line_1_28' title="bbox 170 1956 1264 2008; baseline -0.005 -9"><span class='ocrx_word' id='word_1_178' title='bbox 170 1961 227 2000; x_wconf 93' lang='lat' dir='ltr'><strong>Ut</strong></span> <span class='ocrx_word' id='word_1_179' title='bbox 247 1968 408 1998; x_wconf 90' lang='lat' dir='ltr'><strong>cessent</strong></span> <span class='ocrx_word' id='word_1_180' title='bbox 428 1967 600 2003; x_wconf 85' lang='lat' dir='ltr'><strong>uastare,</strong></span> <span class='ocrx_word' id='word_1_181' title='bbox 622 1966 783 2008; x_wconf 85' lang='lat' dir='ltr'><strong>rogant.</strong></span> <span class='ocrx_word' id='word_1_182' title='bbox 842 1971 948 2008; x_wconf 88' lang='lat' dir='ltr'><strong>quos</strong></span> <span class='ocrx_word' id='word_1_183' title='bbox 970 1956 1097 1995; x_wconf 86' lang='lat' dir='ltr'><strong>Attila</strong></span> <span class='ocrx_word' id='word_1_184' title='bbox 1117 1956 1264 1995; x_wconf 87' lang='lat' dir='ltr'><strong>ductor</strong></span> 
     </span>
     <span class='ocr_line' id='line_1_29' title="bbox 172 2021 1162 2072; baseline -0.005 -8"><span class='ocrx_word' id='word_1_185' title='bbox 172 2025 227 2064; x_wconf 95' lang='lat' dir='ltr'><strong>Ut</strong></span> <span class='ocrx_word' id='word_1_186' title='bbox 247 2024 391 2063; x_wconf 90' lang='lat' dir='ltr'><strong>solitus</strong></span> <span class='ocrx_word' id='word_1_187' title='bbox 411 2023 552 2068; x_wconf 76' lang='lat' dir='ltr'><strong>fuerat,</strong></span> <span class='ocrx_word' id='word_1_188' title='bbox 575 2022 725 2061; x_wconf 87' lang='lat' dir='ltr'><strong>blande</strong></span> <span class='ocrx_word' id='word_1_189' title='bbox 746 2021 929 2072; x_wconf 91' lang='lat' dir='ltr'><strong>suscepit</strong></span> <span class='ocrx_word' id='word_1_190' title='bbox 950 2030 990 2060; x_wconf 90' lang='lat' dir='ltr'><strong>et</strong></span> <span class='ocrx_word' id='word_1_191' title='bbox 1010 2021 1162 2072; x_wconf 88' lang='lat' dir='ltr'><strong>inquit:</strong></span> 
     </span>
    </p>

    <p class='ocr_par' dir='ltr' id='par_1_14' title="bbox 171 2086 1313 2205">
     <span class='ocr_line' id='line_1_30' title="bbox 171 2086 1313 2139; baseline -0.004 -11"><span class='ocrx_word' id='word_1_192' title='bbox 171 2094 178 2109; x_wconf 92' lang='lat'>‘</span> <span class='ocrx_word' id='word_1_193' title='bbox 197 2089 386 2128; x_wconf 88' lang='lat' dir='ltr'><strong>Foedera</strong></span> <span class='ocrx_word' id='word_1_194' title='bbox 407 2089 498 2139; x_wconf 90' lang='lat' dir='ltr'><strong>plus</strong></span> <span class='ocrx_word' id='word_1_195' title='bbox 521 2087 644 2138; x_wconf 91' lang='lat' dir='ltr'><strong>cupio</strong></span> <span class='ocrx_word' id='word_1_196' title='bbox 666 2101 789 2138; x_wconf 86' lang='lat' dir='ltr'><strong>quam</strong></span> <span class='ocrx_word' id='word_1_197' title='bbox 813 2086 969 2138; x_wconf 84' lang='lat' dir='ltr'><strong>proelia</strong></span> <span class='ocrx_word' id='word_1_198' title='bbox 991 2086 1152 2125; x_wconf 89' lang='lat' dir='ltr'><strong>mittere</strong></span> <span class='ocrx_word' id='word_1_199' title='bbox 1174 2086 1313 2135; x_wconf 75' lang='lat' dir='ltr'><strong>uulgo.</strong></span> 
     </span>
     <span class='ocr_line' id='line_1_31' title="bbox 171 2150 1235 2205; baseline -0.005 -12"><span class='ocrx_word' id='word_1_200' title='bbox 171 2156 275 2193; x_wconf 90' lang='lat' dir='ltr'><strong>Pace</strong></span> <span class='ocrx_word' id='word_1_201' title='bbox 296 2153 467 2205; x_wconf 90' lang='lat' dir='ltr'><strong>quidem</strong></span> <span class='ocrx_word' id='word_1_202' title='bbox 492 2152 605 2190; x_wconf 89' lang='lat' dir='ltr'><strong>Huni</strong></span> <span class='ocrx_word' id='word_1_203' title='bbox 628 2152 785 2190; x_wconf 89' lang='lat' dir='ltr'><strong>malunt</strong></span> <span class='ocrx_word' id='word_1_204' title='bbox 806 2164 992 2201; x_wconf 71' lang='lat' dir='ltr'><strong>regnare,</strong></span> <span class='ocrx_word' id='word_1_205' title='bbox 1015 2151 1088 2189; x_wconf 89' lang='lat' dir='ltr'><strong>sed</strong></span> <span class='ocrx_word' id='word_1_206' title='bbox 1111 2150 1235 2188; x_wconf 75' lang='lat' dir='ltr'><strong>armis</strong></span> 
     </span>
    </p>

    <p class='ocr_par' dir='ltr' id='par_1_15' title="bbox 62 2215 1099 2270">
     <span class='ocr_line' id='line_1_32' title="bbox 62 2215 1099 2270; baseline -0.006 -11"><span class='ocrx_word' id='word_1_207' title='bbox 62 2233 114 2270; x_wconf 87' lang='lat'><strong>70</strong></span> <span class='ocrx_word' id='word_1_208' title='bbox 171 2218 292 2258; x_wconf 89' lang='lat' dir='ltr'><strong>Inuiti</strong></span> <span class='ocrx_word' id='word_1_209' title='bbox 313 2218 460 2257; x_wconf 85' lang='lat' dir='ltr'><strong>feriunt</strong></span> <span class='ocrx_word' id='word_1_210' title='bbox 481 2230 587 2268; x_wconf 89' lang='lat' dir='ltr'><strong>quos</strong></span> <span class='ocrx_word' id='word_1_211' title='bbox 608 2225 782 2255; x_wconf 87' lang='lat' dir='ltr'><strong>cernunt</strong></span> <span class='ocrx_word' id='word_1_212' title='bbox 802 2229 892 2254; x_wconf 90' lang='lat' dir='ltr'><strong>esse</strong></span> <span class='ocrx_word' id='word_1_213' title='bbox 915 2215 1099 2253; x_wconf 87' lang='lat' dir='ltr'><strong>rebelles.</strong></span> 
     </span>
    </p>

    <p class='ocr_par' dir='ltr' id='par_1_16' title="bbox 171 2278 1259 2397">
     <span class='ocr_line' id='line_1_33' title="bbox 171 2278 1259 2332; baseline -0.006 -9"><span class='ocrx_word' id='word_1_214' title='bbox 171 2285 265 2323; x_wconf 82' lang='lat' dir='ltr'><strong>Rex</strong></span> <span class='ocrx_word' id='word_1_215' title='bbox 286 2283 339 2322; x_wconf 88' lang='lat' dir='ltr'><strong>ad</strong></span> <span class='ocrx_word' id='word_1_216' title='bbox 361 2296 436 2321; x_wconf 90' lang='lat' dir='ltr'><strong>nos</strong></span> <span class='ocrx_word' id='word_1_217' title='bbox 458 2281 628 2320; x_wconf 88' lang='lat' dir='ltr'><strong>ueniens</strong></span> <span class='ocrx_word' id='word_1_218' title='bbox 649 2294 792 2332; x_wconf 85' lang='lat' dir='ltr'><strong>pacem</strong></span> <span class='ocrx_word' id='word_1_219' title='bbox 815 2280 886 2319; x_wconf 90' lang='lat' dir='ltr'><strong>det</strong></span> <span class='ocrx_word' id='word_1_220' title='bbox 906 2289 1031 2330; x_wconf 87' lang='lat' dir='ltr'><strong>atque</strong></span> <span class='ocrx_word' id='word_1_221' title='bbox 1054 2278 1259 2318; x_wconf 55' lang='lat' dir='ltr'><strong>resumat?</strong></span> 
     </span>
     <span class='ocr_line' id='line_1_34' title="bbox 222 2343 1110 2397; baseline -0.006 -12"><span class='ocrx_word' id='word_1_222' title='bbox 222 2345 361 2385; x_wconf 87' lang='lat' dir='ltr'><strong>Exiuit</strong></span> <span class='ocrx_word' id='word_1_223' title='bbox 382 2345 572 2397; x_wconf 90' lang='lat' dir='ltr'><strong>princeps</strong></span> <span class='ocrx_word' id='word_1_224' title='bbox 594 2352 809 2395; x_wconf 84' lang='lat' dir='ltr'><strong>asportans</strong></span> <span class='ocrx_word' id='word_1_225' title='bbox 831 2343 1110 2381; x_wconf 83' lang='lat' dir='ltr'><strong>innumeratos</strong></span> 
     </span>
    </p>

    <p class='ocr_par' dir='ltr' id='par_1_17' title="bbox 167 2406 1259 2461">
     <span class='ocr_line' id='line_1_35' title="bbox 167 2406 1259 2461; baseline -0.006 -10"><span class='ocrx_word' id='word_1_226' title='bbox 167 2412 405 2451; x_wconf 83' lang='lat' dir='ltr'><strong>Thesauros</strong></span> <span class='ocrx_word' id='word_1_227' title='bbox 427 2418 679 2461; x_wconf 88' lang='lat' dir='ltr'><strong>pactumque</strong></span> <span class='ocrx_word' id='word_1_228' title='bbox 700 2407 790 2447; x_wconf 86' lang='lat' dir='ltr'><strong>ferit</strong></span> <span class='ocrx_word' id='word_1_229' title='bbox 812 2417 1033 2458; x_wconf 87' lang='lat' dir='ltr'><strong>natamque</strong></span> <span class='ocrx_word' id='word_1_230' title='bbox 1055 2406 1259 2457; x_wconf 88' lang='lat' dir='ltr'><strong>relinquit.</strong></span> 
     </span>
    </p>

    <p class='ocr_par' dir='ltr' id='par_1_18' title="bbox 171 2472 1294 2527">
     <span class='ocr_line' id='line_1_36' title="bbox 171 2472 1294 2527; baseline -0.006 -12"><span class='ocrx_word' id='word_1_231' title='bbox 171 2476 308 2527; x_wconf 81' lang='lat' dir='ltr'><strong>Pergit</strong></span> <span class='ocrx_word' id='word_1_232' title='bbox 328 2475 368 2513; x_wconf 90' lang='lat' dir='ltr'><strong>in</strong></span> <span class='ocrx_word' id='word_1_233' title='bbox 389 2474 555 2513; x_wconf 88' lang='lat' dir='ltr'><strong>exilium</strong></span> <span class='ocrx_word' id='word_1_234' title='bbox 578 2472 855 2525; x_wconf 86' lang='lat' dir='ltr'><strong>pulcherrima</strong></span> <span class='ocrx_word' id='word_1_235' title='bbox 875 2486 1043 2521; x_wconf 82' lang='lat' dir='ltr'><strong>gemma</strong></span> <span class='ocrx_word' id='word_1_236' title='bbox 1065 2480 1294 2522; x_wconf 86' lang='lat' dir='ltr'><strong>parentum.</strong></span> 
     </span>
    </p>

    <p class='ocr_par' dir='ltr' id='par_1_19' title="bbox 61 2536 1366 2785">
     <span class='ocr_line' id='line_1_37' title="bbox 61 2536 1366 2592; baseline -0.006 -12"><span class='ocrx_word' id='word_1_237' title='bbox 61 2555 111 2592; x_wconf 84' lang='lat'><strong>75</strong></span> <span class='ocrx_word' id='word_1_238' title='bbox 224 2541 449 2591; x_wconf 89' lang='lat' dir='ltr'><strong>Postquam</strong></span> <span class='ocrx_word' id='word_1_239' title='bbox 473 2537 701 2589; x_wconf 83' lang='lat' dir='ltr'><strong>compleuit</strong></span> <span class='ocrx_word' id='word_1_240' title='bbox 721 2546 887 2588; x_wconf 88' lang='lat' dir='ltr'><strong>pactum</strong></span> <span class='ocrx_word' id='word_1_241' title='bbox 910 2536 1132 2587; x_wconf 87' lang='lat' dir='ltr'><strong>statuitque</strong></span> <span class='ocrx_word' id='word_1_242' title='bbox 1154 2536 1366 2574; x_wconf 78' lang='lat' dir='ltr'><strong>tributum.</strong></span> 
     </span>
     <span class='ocr_line' id='line_1_38' title="bbox 169 2601 1218 2654; baseline -0.006 -10"><span class='ocrx_word' id='word_1_243' title='bbox 169 2605 297 2645; x_wconf 90' lang='lat' dir='ltr'><strong>Attila</strong></span> <span class='ocrx_word' id='word_1_244' title='bbox 317 2604 357 2643; x_wconf 88' lang='lat' dir='ltr'><strong>in</strong></span> <span class='ocrx_word' id='word_1_245' title='bbox 378 2603 570 2643; x_wconf 87' lang='lat' dir='ltr'><strong>occiduas</strong></span> <span class='ocrx_word' id='word_1_246' title='bbox 593 2610 861 2654; x_wconf 88' lang='lat' dir='ltr'><strong>promouerat</strong></span> <span class='ocrx_word' id='word_1_247' title='bbox 882 2601 1048 2652; x_wconf 82' lang='lat' dir='ltr'><strong>agmina</strong></span> <span class='ocrx_word' id='word_1_248' title='bbox 1070 2609 1218 2651; x_wconf 87' lang='lat' dir='ltr'><strong>partes.</strong></span> 
     </span>
     <span class='ocr_line' id='line_1_39' title="bbox 170 2664 1349 2720; baseline -0.006 -12"><span class='ocrx_word' id='word_1_249' title='bbox 170 2671 364 2720; x_wconf 89' lang='lat' dir='ltr'><strong>Namque</strong></span> <span class='ocrx_word' id='word_1_250' title='bbox 385 2668 691 2719; x_wconf 86' lang='lat' dir='ltr'><strong>Aquitanorum</strong></span> <span class='ocrx_word' id='word_1_251' title='bbox 713 2674 810 2705; x_wconf 87' lang='lat' dir='ltr'><strong>tunc</strong></span> <span class='ocrx_word' id='word_1_252' title='bbox 832 2665 1017 2716; x_wconf 86' lang='lat' dir='ltr'><strong>Alphere</strong></span> <span class='ocrx_word' id='word_1_253' title='bbox 1038 2678 1164 2715; x_wconf 82' lang='lat' dir='ltr'><strong>regna</strong></span> <span class='ocrx_word' id='word_1_254' title='bbox 1186 2664 1349 2703; x_wconf 77' lang='lat' dir='ltr'><strong>tenebat</strong></span> 
     </span>
     <span class='ocr_line' id='line_1_40' title="bbox 171 2729 1208 2785; baseline -0.007 -12"><span class='ocrx_word' id='word_1_255' title='bbox 171 2734 307 2785; x_wconf 80' lang='lat' dir='ltr'><strong>Quem</strong></span> <span class='ocrx_word' id='word_1_256' title='bbox 329 2733 516 2772; x_wconf 89' lang='lat' dir='ltr'><strong>sobolem</strong></span> <span class='ocrx_word' id='word_1_257' title='bbox 539 2745 663 2770; x_wconf 84' lang='lat' dir='ltr'><strong>sexus</strong></span> <span class='ocrx_word' id='word_1_258' title='bbox 684 2739 849 2769; x_wconf 88' lang='lat' dir='ltr'><strong>narrant</strong></span> <span class='ocrx_word' id='word_1_259' title='bbox 871 2730 1062 2768; x_wconf 80' lang='lat' dir='ltr'><strong>habuisse</strong></span> <span class='ocrx_word' id='word_1_260' title='bbox 1085 2729 1208 2767; x_wconf 71' lang='lat' dir='ltr'><strong>uirilis</strong></span> 
     </span>
    </p>
   </div>
   <div class='ocr_carea' id='block_1_3' title="bbox 50 2816 1185 2881">
    <p class='ocr_par' dir='ltr' id='par_1_20' title="bbox 50 2816 1185 2881">
     <span class='ocr_line' id='line_1_41' title="bbox 50 2816 1185 2881; baseline -0.007 -9"><span class='ocrx_word' id='word_1_261' title='bbox 50 2850 90 2881; x_wconf 85' lang='lat'><strong>57</strong></span> <span class='ocrx_word' id='word_1_262' title='bbox 108 2823 317 2880; x_wconf 84' lang='lat' dir='ltr'><strong>compellat</strong></span> <span class='ocrx_word' id='word_1_263' title='bbox 330 2820 465 2870; x_wconf 87' lang='lat' dir='ltr'><strong>P.-—62</strong></span> <span class='ocrx_word' id='word_1_264' title='bbox 481 2820 572 2869; x_wconf 87' lang='lat' dir='ltr'><strong>mihi</strong></span> <span class='ocrx_word' id='word_1_265' title='bbox 589 2841 649 2869; x_wconf 90' lang='lat' dir='ltr'><strong>est</strong></span> <span class='ocrx_word' id='word_1_266' title='bbox 667 2818 793 2876; x_wconf 71' lang='lat' dir='ltr'><strong>P.—71</strong></span> <span class='ocrx_word' id='word_1_267' title='bbox 813 2817 1026 2877; x_wconf 50' lang='lat' dir='ltr'><strong>pacembub</strong></span> <span class='ocrx_word' id='word_1_268' title='bbox 1044 2833 1082 2865; x_wconf 90' lang='lat' dir='ltr'><strong>P.</strong></span> <span class='ocrx_word' id='word_1_269' title='bbox 1130 2816 1136 2817; x_wconf 29' lang='lat'><em>⁷</em></span> <span class='ocrx_word' id='word_1_270' title='bbox 1165 2816 1185 2817; x_wconf 27' lang='lat' dir='ltr'><em>W</em></span> 
     </span>
    </p>
   </div>
  </div>
 </body>
</html>
