1909 3279
109 415 185 442 120

110 739 182 776 125

110 1060 185 1097 130

110 1383 183 1420 Ι35

108 1708 122 1733 ι
131 1707 183 1743 40

109 2030 182 2067 145

106 2352 180 2390 150

110 2671 180 2709 155

82 2800 99 2802 -r
126 2799 349 2858 iregjcoiiiux
376 2799 528 2857 Ps-138
552 2799 664 2849 donis
692 2815 730 2848 P.

454 163 734 199 WALTHER
762 164 836 199 OF
855 164 1199 207 AQUJTAJNE.

239 273 430 312 Foedera
451 272 640 311 dissoluit
661 286 917 324 censumque
938 273 1076 312 subire
1099 274 1278 324 negauit.

244 338 337 376 Hoc
358 337 426 376 ubi
448 336 526 375 iam
550 337 728 388 primum
750 337 929 387 Hagano
950 347 1205 388 cognouerat
1225 340 1333 381 exul,

242 402 375 441 Nocte
395 401 535 452 fugam
559 401 725 440 molitur
745 410 784 440 et
805 401 857 440 ad
876 402 1093 441 dominum
1117 403 1367 454 properauit.

240 466 497 506 Waltharius
518 475 656 505 tamen
677 466 729 505 ad
751 480 914 517 pugnas
937 476 1213 518 praecesserat
1238 469 1384 506 Hunos

242 532 294 571 Et
315 544 582 582 quocumque
603 531 688 570 iret.
713 545 809 570 mox
831 544 1030 582 prospera
1048 541 1144 571 sunt
1165 533 1370 572 comitata.

293 595 462 647 Ospirin
481 596 670 646 elapsum
697 596 974 647 Haganonem
998 597 1112 647 regia
1130 597 1313 635 coniunx

241 660 474 713 Attendens
495 660 668 699 domino
688 660 901 711 suggessit
921 661 1017 700 talia
1038 661 1169 700 dicta:

241 730 247 744 ‘
267 725 488 764 Prouideat
509 733 738 776 caueatque
759 738 908 776 precor
925 725 1106 765 sollertia
1127 727 1249 777 regis,

240 791 304 829 Ne
326 789 448 830 uestri
470 789 628 841 imperii
651 790 810 829 labatur
831 789 934 829 forte
955 791 1158 835 columna,

242 854 336 892 Hoc
357 861 430 899 est,
453 852 710 892 Waltharius
732 862 868 892 uester
886 852 1075 892 discedat
1095 854 1252 893 amicus

240 918 279 957 in
301 931 386 969 quo
408 931 559 969 magne
580 918 796 969 potestatis
818 917 879 956 uis
901 918 1033 957 extitit
1055 918 1197 958 huius:

241 983 346 1021 Nam
369 995 526 1025 uereor.
550 996 600 1021 ne
621 981 702 1021 fors
723 981 886 1033 fugiens
911 983 1186 1033 Haganonem
1210 983 1400 1023 imitetur.

243 1046 487 1097 Idcircoque
509 1059 644 1084 meam
667 1045 911 1096 perpendite
932 1059 1040 1084 nunc
1060 1045 1258 1085 rationem
1276 1062 1283 1085 :

240 1111 345 1150 Cum
369 1110 549 1162 primum
572 1110 720 1156 ueniat,
743 1110 845 1149 haec
866 1110 919 1148 illi
940 1110 1063 1149 dicite
1085 1111 1233 1150 uerba:

239 1174 453 1214 “Seruitio
475 1174 514 1213 in
536 1182 677 1213 nostro
699 1188 874 1225 magnos
894 1175 1142 1226 plerumque
1163 1175 1325 1215 labores

242 1241 390 1279 Passus
412 1253 501 1279 eras
524 1239 703 1290 ideoque
721 1239 840 1285 scias,
863 1239 979 1290 quod
1000 1239 1132 1290 gratia
1154 1249 1293 1279 nostra

242 1305 343 1343 Prae
364 1304 520 1343 cunctis
540 1312 668 1343 temet
689 1303 861 1342 nimium
883 1303 1027 1343 dilexit
1047 1304 1200 1344 amicis.

243 1369 369 1420 Quod
391 1369 488 1408 uolo
509 1369 602 1420 plus
623 1368 736 1408 factis
758 1377 798 1407 te
818 1381 943 1420 quam
966 1382 1220 1420 cognoscere
1240 1369 1380 1409 dictis:

241 1434 360 1485 Elige
381 1434 434 1472 de
454 1433 629 1485 satrapis
649 1441 820 1484 nuptam
842 1433 913 1472 tibi
938 1434 1243 1472 Pannoniarum

242 1500 293 1538 Et
315 1512 397 1537 non
419 1497 659 1550 pauperiem
681 1498 893 1549 propriam
915 1498 1176 1549 perpendere
1197 1512 1327 1539 cures.

240 1562 521 1615 Amplificabo
541 1562 710 1614 quidem
734 1562 755 1585 *
779 1562 800 1584 '¹‘
821 1571 861 1601 te
883 1576 976 1601 rure
996 1563 1196 1614 domique

240 1629 328 1667 Nec
349 1627 584 1679 quisquam,
607 1627 677 1678 qui
699 1627 770 1666 dat
790 1641 1000 1679 sponsam,
1022 1636 1116 1679 post
1138 1627 1242 1667 facta
1262 1628 1475 1680 pudebit.’'

240 1693 364 1744 Quod
386 1693 418 1732 si
440 1692 670 1744 completis,
693 1692 804 1731 illum
826 1692 1006 1731 stabilire
1027 1693 1226 1744 potestis.'

238 1757 502 1810 Complaeuit
521 1771 660 1797 sermo
682 1757 768 1809 regi
790 1757 1012 1808 coepitque
1032 1757 1177 1809 parari.

292 1822 547 1862 Waltharius
569 1822 701 1861 uenit:
733 1822 797 1861 cui
818 1822 1010 1874 princeps
1031 1822 1126 1861 talia
1147 1823 1290 1873 pandit

239 1888 423 1928 Uxorem
445 1887 626 1926 suadens
646 1887 722 1925 sibi
743 1887 908 1933 (Lucere,
929 1887 1004 1926 sed
1026 1895 1164 1926 tamen
1186 1887 1273 1939 ipse

241 1953 327 1991 Iam
349 1960 436 1991 tum
459 1951 766 2003 praemeditans
789 1951 903 2002 quod
925 1960 1020 2003 post
1039 1952 1321 2003 compleuerat
1342 1954 1451 1999 actis,

242 2016 511 2068 Inuestiganti
533 2015 595 2055 his
614 2016 884 2067 suggestibus
905 2016 1054 2055 obuius
1075 2015 1184 2056 infit:

238 2086 246 2101 ‘
264 2083 413 2121 Uestra
433 2081 603 2132 quidem
626 2081 756 2133 pietas
777 2089 850 2127 est,
872 2081 987 2132 quod
1010 2081 1161 2120 modici
1182 2081 1400 2122 famulatus

237 2147 417 2186 Causam
441 2145 690 2197 conspicitis.
746 2145 822 2185 sed
843 2146 958 2197 quod
981 2160 1072 2185 mea
1092 2146 1240 2197 sergia,
1263 2147 1410 2187 mentis

238 2211 406 2257 Intuitu‚
429 2211 551 2257 sertis,
575 2224 802 2261 numquam
825 2210 1024 2250 meruisse
1045 2211 1240 2250 ualerem.

235 2274 320 2314 Sed
342 2287 501 2326 precor,
524 2282 567 2313 ut
587 2273 695 2313 serui
717 2273 887 2324 capiatis
909 2274 1037 2313 uerba
1058 2273 1213 2313 fidelis:

235 2339 279 2379 Si
301 2347 474 2390 nuptam
495 2338 694 2390 accipiam
716 2337 875 2377 domini
897 2346 1117 2390 praecepta
1137 2339 1379 2385 secundum,

236 2402 403 2442 Uinciar
423 2402 463 2440 in
484 2401 626 2453 primis
648 2401 754 2440 curis
776 2409 816 2440 et
835 2414 977 2441 amore
999 2402 1160 2453 puellae

235 2465 378 2516 Atque
397 2478 421 2503 a
439 2463 608 2504 seruitio
628 2464 737 2515 regis
758 2464 1005 2516 plerumque
1025 2464 1222 2504 retardor.

235 2529 469 2568 Aedificare
489 2528 640 2568 domos
661 2528 902 2580 cultumque
923 2528 1135 2568 intendere
1155 2529 1257 2568 ruris

236 2594 379 2644 Cogor
399 2602 439 2633 et
459 2594 539 2633 hoc
560 2593 687 2633 oculis
707 2593 878 2632 senioris
899 2593 1047 2633 adesse
1068 2602 1250 2633 moratur

239 2659 293 2698 Et
312 2658 472 2698 solitam
494 2671 624 2709 regno
648 2658 868 2697 Hunorum
890 2657 1132 2710 impendere
1152 2671 1304 2697 curam.

239 2724 434 2774 Namque
455 2723 714 2774 uoluptatem
736 2722 924 2774 quisquis
944 2722 1185 2774 gustauerit,
1207 2722 1301 2762 exin
