1909 3279
390 226 466 259 WA
474 226 503 258 L
519 226 670 258 ‘l'lslz‘lx'
699 227 772 259 OF
792 227 827 259 A
838 227 942 268 QUI
950 228 1015 260 TA
1025 228 1136 261 [Nl-s.
1459 245 1507 278 3«)

21 346 118 384 ¹275
181 334 295 372 Haec
317 347 379 373 res
401 343 462 372 est
484 342 647 385 pactum
671 346 752 384 qua
773 334 933 373 irritasti
958 335 1067 386 prior
1088 337 1255 378 almum,

178 398 422 448 Idcircoque
443 412 589 449 gazam
613 399 736 449 cupio
758 412 833 450 pro
855 399 1020 438 foedere
1042 401 1206 439 nullam.

177 463 292 502 Sitne
312 463 384 502 tibi
405 463 480 502 soli
502 463 631 502 uirtus
654 463 749 501 uolo
771 463 929 502 discere
952 464 989 502 in
1011 465 1145 510 armis,

178 528 327 578 Deque
349 527 427 566 tuis
449 527 638 566 manibus
658 528 829 566 caedem
853 529 1048 579 perquiro
1070 530 1241 580 nepotis,

177 592 238 631 En
259 600 329 631 aut
349 600 518 643 oppeto.
539 592 626 631 siue
646 592 800 643 aliquid
823 593 1089 632 memorabile
1111 593 1230 633 saxo.¹

20 661 121 696 1280
232 657 348 696 Dixit
369 667 408 696 et
428 671 451 695 a
472 665 590 708 tergo
611 657 715 696 saltu
738 671 782 695 se
803 657 895 696 iecit
916 658 1079 708 equino,

179 722 272 760 Hoc
293 729 332 760 et
353 721 608 761 Guntharius
631 735 705 760 nec
725 722 893 771 segnior
908 731 1049 773 egerat
1071 723 1192 762 heros

177 786 445 832 waltharius,
468 786 603 825 cuncti
625 786 785 837 pedites
807 786 960 825 bellare
982 787 1123 838 parati.

178 851 322 890 Stabat
342 851 519 902 quisque
541 864 588 889 ac
610 859 786 890 uenturo
806 865 851 890 se
872 852 1072 902 prouidus
1094 852 1174 891 ictu

181 916 454 955 Praestruxit:
487 915 697 967 trepidant
716 916 794 955 sub
816 916 934 968 peltis
957 917 1100 956 martia
1123 918 1314 956 menbra:

24 986 122 1031 1285
236 981 352 1020 Hora
372 981 554 1020 secunda
575 981 647 1020 fuit
668 993 748 1031 qua
768 989 850 1020 tres
872 981 911 1019 hi
934 982 1271 1031 congrediuntur,

181 1046 418 1084 Aduersum
441 1047 574 1085 solum
598 1046 836 1097 conspirant
856 1060 968 1084 arma
991 1047 1182 1085 duorum.

183 1110 342 1150 Primus
364 1110 611 1162 maligenam
635 1111 816 1150 collectis
837 1111 991 1149 uiribus
1013 1111 1169 1150 hastam

181 1175 342 1214 Direxit
366 1175 545 1226 Hagano
567 1175 732 1226 dirupta
752 1189 866 1227 pace.
923 1175 997 1214 sed
1019 1175 1127 1214 illam

178 1240 363 1279 Turbine
383 1240 605 1279 terribilem
628 1248 743 1279 tanto
764 1248 804 1279 et
823 1240 1000 1279 stridore
1021 1240 1228 1279 uolantem

25 1319 124 1354 1290
180 1305 432 1356 Alpharides
453 1313 585 1344 semet
606 1318 777 1343 cernens
799 1305 972 1344 tolerare
996 1305 1163 1355 nequire

179 1370 334 1410 Sollers
356 1369 511 1420 obliqui
533 1370 684 1409 delusit
703 1370 888 1421 tegmine
909 1370 1035 1409 scuti:

181 1436 287 1473 Nam
310 1434 480 1474 ueniens
501 1435 634 1486 clipeo
654 1435 712 1474 sic
734 1443 795 1474 est
815 1448 890 1473 ceu
912 1448 1118 1473 marmore
1140 1435 1245 1473 laeui

181 1500 367 1539 Excussa
389 1508 429 1539 et
451 1500 597 1538 collem
621 1500 893 1538 uehementer
912 1499 1069 1538 sauciat
1090 1512 1223 1549 usque

180 1565 248 1603 Ad
270 1565 409 1603 clauos
431 1564 555 1603 infixa
576 1565 678 1603 solo.
737 1565 855 1603 Tunc
877 1573 1044 1616 pectore
1067 1578 1220 1615 magno

26 1643 123 1680 1295
181 1630 266 1669 Sed
289 1629 453 1669 modica
474 1630 513 1667 ui
534 1629 762 1668 fraxineum
785 1629 929 1668 hastile
950 1629 1154 1680 superbus

182 1694 281 1734 Iecit
304 1694 573 1740 Guntharius,
596 1694 771 1733 uolitans
793 1694 906 1744 quod
928 1693 1116 1732 adhaesit
1137 1693 1175 1731 in
1198 1693 1277 1731 ima

179 1759 397 1798 waltharii
419 1773 574 1811 parma,
597 1771 721 1809 quam
745 1772 843 1797 111οΧ
865 1758 964 1797 dum
987 1757 1168 1797 concutit
1189 1758 1287 1809 ipse.

181 1824 348 1863 Excidit
369 1824 565 1875 ignauum
588 1823 687 1874 ligni
709 1824 763 1862 de
785 1823 954 1862 uulnere
976 1823 1139 1861 ferrum.

234 1889 385 1929 Omine
406 1901 489 1938 quo
511 1888 656 1927 maesti
679 1888 850 1927 confuso
871 1896 1040 1939 pectore
1064 1888 1207 1926 Franci

24 1966 125 2002 1300
180 1953 282 1991 Mox
303 1952 509 2003 stringunt
529 1951 659 1990 acies:
691 1951 813 1990 dolor
833 1959 893 1990 est
914 1964 1140 1989 conuersus
1161 1950 1212 1989 ad
1237 1950 1313 1988 iras

181 2018 233 2056 Et
253 2017 348 2056 tecti
369 2017 510 2068 clipeis
533 2017 787 2067 Aquitanum
811 2016 1005 2055 inuadere
1027 2024 1193 2055 certant.

179 2083 407 2122 Strennuus
429 2082 494 2120 ille
514 2090 653 2121 tamen
675 2081 713 2120 ui
735 2081 918 2133 cuspidis
940 2081 1098 2132 expulit
1119 2081 1207 2119 illos

178 2148 318 2198 Atque
339 2147 593 2186 incursantes
615 2147 731 2186 uultu
753 2147 931 2185 terrebat
951 2154 990 2185 et
1011 2145 1147 2184 armis.

180 2212 260 2250 Hic
281 2225 352 2251 rex
375 2211 631 2251 Guntharius
653 2219 817 2262 ceptum
842 2210 1063 2250 meditatur
1084 2210 1280 2261 ineptum,

24 2291 121 2328 1305
179 2277 343 2316 Scilicet
363 2285 407 2316 ut
428 2277 575 2316 iactam
598 2276 735 2315 subito
756 2284 973 2326 terraeque
995 2276 1197 2327 relapsam

178 2341 287 2379 Ante
309 2340 439 2390 pedes
460 2339 596 2378 herois
618 2339 725 2378 enim
748 2339 911 2378 diuulsa
932 2338 1091 2377 iacebat
1111 2361 1162 2365 -

178 2405 396 2444 Accedens
418 2405 537 2444 tacite
558 2404 694 2443 furtim
717 2404 950 2443 sustolleret
972 2404 1130 2442 hastam
1148 2418 1154 2441 :

178 2467 533 2519 Quandoquidem
556 2467 752 2506 breuibus
772 2466 1007 2518 gladiorum
1030 2466 1208 2516 denique
1231 2465 1319 2504 telis

178 2533 337 2572 Armati
360 2541 571 2583 nequeunt
591 2532 789 2570 accedere
810 2531 996 2570 cominus
1019 2531 1083 2576 illi,

22 2611 122 2647 1310
178 2597 259 2648 Qui
281 2605 364 2636 tarn
387 2605 625 2648 porrectum
647 2597 869 2647 torquebat
890 2595 1072 2647 cuspidis
1095 2595 1232 2634 ictum.

179 2662 316 2701 innuit
337 2675 440 2713 ergo
457 2661 587 2700 oculis
610 2675 776 2699 uassum
800 2661 1052 2712 praecedere
1073 2659 1253 2698 suadens

177 2726 305 2766 Cuius
325 2726 497 2765 defensu
520 2740 686 2764 causam
708 2726 905 2777 supplere
926 2725 1092 2763 ualeret.

66 2857 147 2898 1276
166 2856 387 2898 Iccircoque
407 2857 580 2897 P.—1284
598 2855 771 2889 membra
792 2855 966 2896 P.—-13oo
983 2854 1256 2894 iramP.-13o4
1275 2859 1453 2894 coeptum
1477 2853 1512 2885 l‘.
