<?xml version="1.0" encoding="UTF-8"?>
<!DOCTYPE html PUBLIC "-//W3C//DTD XHTML 1.0 Transitional//EN"
    "http://www.w3.org/TR/xhtml1/DTD/xhtml1-transitional.dtd">
<html xmlns="http://www.w3.org/1999/xhtml" xml:lang="en" lang="en">
 <head>
  <title>
</title>
<meta http-equiv="Content-Type" content="text/html;charset=utf-8" />
  <meta name='ocr-system' content='tesseract 3.04.00' />
  <meta name='ocr-capabilities' content='ocr_page ocr_carea ocr_par ocr_line ocrx_word'/>
</head>
<body>
  <div class='ocr_page' id='page_1' title='image "./sagaofwaltherofa00learrich_0048.png"; bbox 0 0 1909 3279; ppageno 0'>
   <div class='ocr_carea' id='block_1_1' title="bbox 385 185 432 222">
    <p class='ocr_par' dir='ltr' id='par_1_1' title="bbox 385 185 432 222">
     <span class='ocr_line' id='line_1_1' title="bbox 385 185 432 222; baseline 0 -12"><span class='ocrx_word' id='word_1_1' title='bbox 385 185 432 222; x_wconf 79' lang='lat'>32</span> 
     </span>
    </p>
   </div>
   <div class='ocr_carea' id='block_1_2' title="bbox 391 485 489 522">
    <p class='ocr_par' dir='ltr' id='par_1_2' title="bbox 391 485 489 522">
     <span class='ocr_line' id='line_1_2' title="bbox 391 485 489 522; baseline 0 -11"><span class='ocrx_word' id='word_1_2' title='bbox 391 485 489 522; x_wconf 82' lang='lat'>1015</span> 
     </span>
    </p>
   </div>
   <div class='ocr_carea' id='block_1_3' title="bbox 390 807 488 834">
    <p class='ocr_par' dir='ltr' id='par_1_3' title="bbox 390 807 488 834">
     <span class='ocr_line' id='line_1_3' title="bbox 390 807 488 834; baseline -0.01 0"><span class='ocrx_word' id='word_1_3' title='bbox 390 807 488 834; x_wconf 88' lang='lat'>1020</span> 
     </span>
    </p>
   </div>
   <div class='ocr_carea' id='block_1_4' title="bbox 388 1131 485 1168">
    <p class='ocr_par' dir='ltr' id='par_1_4' title="bbox 388 1131 485 1168">
     <span class='ocr_line' id='line_1_4' title="bbox 388 1131 485 1168; baseline 0 -11"><span class='ocrx_word' id='word_1_4' title='bbox 388 1131 485 1168; x_wconf 87' lang='lat'>1025</span> 
     </span>
    </p>
   </div>
   <div class='ocr_carea' id='block_1_5' title="bbox 386 1453 485 1490">
    <p class='ocr_par' dir='ltr' id='par_1_5' title="bbox 386 1453 485 1490">
     <span class='ocr_line' id='line_1_5' title="bbox 386 1453 485 1490; baseline 0 -11"><span class='ocrx_word' id='word_1_5' title='bbox 386 1453 485 1490; x_wconf 88' lang='lat'>1030</span> 
     </span>
    </p>
   </div>
   <div class='ocr_carea' id='block_1_6' title="bbox 384 1777 481 1814">
    <p class='ocr_par' dir='ltr' id='par_1_6' title="bbox 384 1777 481 1814">
     <span class='ocr_line' id='line_1_6' title="bbox 384 1777 481 1814; baseline 0 -11"><span class='ocrx_word' id='word_1_6' title='bbox 384 1777 481 1814; x_wconf 73' lang='lat'>1035</span> 
     </span>
    </p>
   </div>
   <div class='ocr_carea' id='block_1_7' title="bbox 383 2100 482 2137">
    <p class='ocr_par' dir='ltr' id='par_1_7' title="bbox 383 2100 482 2137">
     <span class='ocr_line' id='line_1_7' title="bbox 383 2100 482 2137; baseline 0 -11"><span class='ocrx_word' id='word_1_7' title='bbox 383 2100 482 2137; x_wconf 88' lang='lat'>1040</span> 
     </span>
    </p>
   </div>
   <div class='ocr_carea' id='block_1_8' title="bbox 382 2419 478 2456">
    <p class='ocr_par' dir='ltr' id='par_1_8' title="bbox 382 2419 478 2456">
     <span class='ocr_line' id='line_1_8' title="bbox 382 2419 478 2456; baseline 0 0"><span class='ocrx_word' id='word_1_8' title='bbox 382 2419 478 2456; x_wconf 81' lang='lat'>¹045</span> 
     </span>
    </p>
   </div>
   <div class='ocr_carea' id='block_1_9' title="bbox 763 168 1510 210">
    <p class='ocr_par' dir='ltr' id='par_1_9' title="bbox 763 168 1510 210">
     <span class='ocr_line' id='line_1_9' title="bbox 763 168 1510 210; baseline -0.003 -7"><span class='ocrx_word' id='word_1_9' title='bbox 763 170 875 204; x_wconf 86' lang='lat' dir='ltr'>WAL</span> <span class='ocrx_word' id='word_1_10' title='bbox 889 170 1042 203; x_wconf 80' lang='lat' dir='ltr'><em>THER</em></span> <span class='ocrx_word' id='word_1_11' title='bbox 1071 170 1144 204; x_wconf 89' lang='lat' dir='ltr'>OF</span> <span class='ocrx_word' id='word_1_12' title='bbox 1163 168 1510 210; x_wconf 80' lang='lat' dir='ltr'><em>AQUITAJNE.</em></span> 
     </span>
    </p>
   </div>
   <div class='ocr_carea' id='block_1_10' title="bbox 535 276 1782 2508">
    <p class='ocr_par' dir='ltr' id='par_1_10' title="bbox 548 276 1619 329">
     <span class='ocr_line' id='line_1_10' title="bbox 548 276 1619 329; baseline -0.003 -12"><span class='ocrx_word' id='word_1_13' title='bbox 548 279 738 329; x_wconf 82' lang='lat' dir='ltr'>Quatuor</span> <span class='ocrx_word' id='word_1_14' title='bbox 758 278 798 316; x_wconf 86' lang='lat' dir='ltr'>hi</span> <span class='ocrx_word' id='word_1_15' title='bbox 819 278 1041 317; x_wconf 88' lang='lat' dir='ltr'>aduersum</span> <span class='ocrx_word' id='word_1_16' title='bbox 1064 277 1236 316; x_wconf 90' lang='lat' dir='ltr'>summis</span> <span class='ocrx_word' id='word_1_17' title='bbox 1257 276 1470 315; x_wconf 87' lang='lat' dir='ltr'>conatibus</span> <span class='ocrx_word' id='word_1_18' title='bbox 1491 290 1619 315; x_wconf 89' lang='lat' dir='ltr'>unum</span> 
     </span>
    </p>

    <p class='ocr_par' dir='ltr' id='par_1_11' title="bbox 546 341 1586 458">
     <span class='ocr_line' id='line_1_11' title="bbox 546 341 1577 394; baseline -0.003 -12"><span class='ocrx_word' id='word_1_19' title='bbox 546 342 818 382; x_wconf 89' lang='lat' dir='ltr'>Contendunt</span> <span class='ocrx_word' id='word_1_20' title='bbox 839 342 990 394; x_wconf 88' lang='lat' dir='ltr'>pariter</span> <span class='ocrx_word' id='word_1_21' title='bbox 1011 342 1142 381; x_wconf 90' lang='lat' dir='ltr'>multo</span> <span class='ocrx_word' id='word_1_22' title='bbox 1164 341 1364 391; x_wconf 90' lang='lat' dir='ltr'>uarioque</span> <span class='ocrx_word' id='word_1_23' title='bbox 1386 341 1577 380; x_wconf 85' lang='lat' dir='ltr'>tumultu.</span> 
     </span>
     <span class='ocr_line' id='line_1_12' title="bbox 601 405 1586 458; baseline -0.001 -13"><span class='ocrx_word' id='word_1_24' title='bbox 601 408 761 446; x_wconf 82' lang='lat' dir='ltr'>Interea</span> <span class='ocrx_word' id='word_1_25' title='bbox 781 406 1000 458; x_wconf 87' lang='lat' dir='ltr'>Alpharidi</span> <span class='ocrx_word' id='word_1_26' title='bbox 1021 420 1153 445; x_wconf 85' lang='lat' dir='ltr'>uanus</span> <span class='ocrx_word' id='word_1_27' title='bbox 1172 405 1289 444; x_wconf 90' lang='lat' dir='ltr'>labor</span> <span class='ocrx_word' id='word_1_28' title='bbox 1309 405 1452 445; x_wconf 86' lang='lat' dir='ltr'>incutit</span> <span class='ocrx_word' id='word_1_29' title='bbox 1473 405 1586 444; x_wconf 87' lang='lat' dir='ltr'>iram.</span> 
     </span>
    </p>

    <p class='ocr_par' dir='ltr' id='par_1_12' title="bbox 549 469 1549 523">
     <span class='ocr_line' id='line_1_13' title="bbox 549 469 1549 523; baseline -0.003 -12"><span class='ocrx_word' id='word_1_30' title='bbox 549 472 602 511; x_wconf 85' lang='lat' dir='ltr'>Et</span> <span class='ocrx_word' id='word_1_31' title='bbox 622 471 691 522; x_wconf 91' lang='lat' dir='ltr'>qui</span> <span class='ocrx_word' id='word_1_32' title='bbox 713 471 792 510; x_wconf 84' lang='lat' dir='ltr'>iam</span> <span class='ocrx_word' id='word_1_33' title='bbox 815 471 976 523; x_wconf 87' lang='lat' dir='ltr'>pridem</span> <span class='ocrx_word' id='word_1_34' title='bbox 999 471 1173 510; x_wconf 90' lang='lat' dir='ltr'>nudarat</span> <span class='ocrx_word' id='word_1_35' title='bbox 1193 470 1353 509; x_wconf 85' lang='lat' dir='ltr'>casside</span> <span class='ocrx_word' id='word_1_36' title='bbox 1374 469 1549 509; x_wconf 86' lang='lat' dir='ltr'>frontem</span> 
     </span>
    </p>

    <p class='ocr_par' dir='ltr' id='par_1_13' title="bbox 547 534 1466 586">
     <span class='ocr_line' id='line_1_14' title="bbox 547 534 1466 586; baseline -0.001 -12"><span class='ocrx_word' id='word_1_37' title='bbox 547 537 593 575; x_wconf 93' lang='lat' dir='ltr'>In</span> <span class='ocrx_word' id='word_1_38' title='bbox 614 536 767 575; x_wconf 88' lang='lat' dir='ltr'>framea</span> <span class='ocrx_word' id='word_1_39' title='bbox 783 535 1004 586; x_wconf 84' lang='lat' dir='ltr'>tunicaque</span> <span class='ocrx_word' id='word_1_40' title='bbox 1023 535 1144 574; x_wconf 90' lang='lat' dir='ltr'>simul</span> <span class='ocrx_word' id='word_1_41' title='bbox 1165 534 1344 574; x_wconf 86' lang='lat' dir='ltr'>confisus</span> <span class='ocrx_word' id='word_1_42' title='bbox 1365 548 1466 573; x_wconf 89' lang='lat' dir='ltr'>aena</span> 
     </span>
    </p>

    <p class='ocr_par' dir='ltr' id='par_1_14' title="bbox 544 599 1594 652">
     <span class='ocr_line' id='line_1_15' title="bbox 544 599 1594 652; baseline -0.003 -12"><span class='ocrx_word' id='word_1_43' title='bbox 544 600 696 641; x_wconf 85' lang='lat' dir='ltr'>Omisit</span> <span class='ocrx_word' id='word_1_44' title='bbox 716 613 902 652; x_wconf 89' lang='lat' dir='ltr'>parmam</span> <span class='ocrx_word' id='word_1_45' title='bbox 925 600 1191 651; x_wconf 89' lang='lat' dir='ltr'>primumque</span> <span class='ocrx_word' id='word_1_46' title='bbox 1212 599 1360 638; x_wconf 89' lang='lat' dir='ltr'>inuasit</span> <span class='ocrx_word' id='word_1_47' title='bbox 1382 599 1594 638; x_wconf 87' lang='lat' dir='ltr'>Eleutrim.</span> 
     </span>
    </p>

    <p class='ocr_par' dir='ltr' id='par_1_15' title="bbox 546 663 1665 717">
     <span class='ocr_line' id='line_1_16' title="bbox 546 663 1665 717; baseline -0.001 -14"><span class='ocrx_word' id='word_1_48' title='bbox 546 665 656 704; x_wconf 91' lang='lat' dir='ltr'>Huic</span> <span class='ocrx_word' id='word_1_49' title='bbox 675 665 839 717; x_wconf 88' lang='lat' dir='ltr'>galeam</span> <span class='ocrx_word' id='word_1_50' title='bbox 862 665 1023 704; x_wconf 88' lang='lat' dir='ltr'>findens</span> <span class='ocrx_word' id='word_1_51' title='bbox 1043 664 1258 703; x_wconf 89' lang='lat' dir='ltr'>cerebrum</span> <span class='ocrx_word' id='word_1_52' title='bbox 1281 663 1447 703; x_wconf 83' lang='lat' dir='ltr'>diffudit</span> <span class='ocrx_word' id='word_1_53' title='bbox 1467 672 1507 703; x_wconf 93' lang='lat' dir='ltr'>et</span> <span class='ocrx_word' id='word_1_54' title='bbox 1533 664 1665 715; x_wconf 81' lang='lat' dir='ltr'>ipsam</span> 
     </span>
    </p>

    <p class='ocr_par' dir='ltr' id='par_1_16' title="bbox 544 728 1614 781">
     <span class='ocr_line' id='line_1_17' title="bbox 544 728 1614 781; baseline -0.003 -12"><span class='ocrx_word' id='word_1_55' title='bbox 544 729 759 769; x_wconf 82' lang='lat' dir='ltr'>Ceruicexn</span> <span class='ocrx_word' id='word_1_56' title='bbox 783 743 971 768; x_wconf 82' lang='lat' dir='ltr'>resecans</span> <span class='ocrx_word' id='word_1_57' title='bbox 992 738 1136 781; x_wconf 88' lang='lat' dir='ltr'>pectus</span> <span class='ocrx_word' id='word_1_58' title='bbox 1157 728 1360 780; x_wconf 89' lang='lat' dir='ltr'>patefecit,</span> <span class='ocrx_word' id='word_1_59' title='bbox 1382 737 1423 768; x_wconf 91' lang='lat' dir='ltr'>at</span> <span class='ocrx_word' id='word_1_60' title='bbox 1443 742 1614 780; x_wconf 88' lang='lat' dir='ltr'>aegrum</span> 
     </span>
    </p>

    <p class='ocr_par' dir='ltr' id='par_1_17' title="bbox 544 793 1682 910">
     <span class='ocr_line' id='line_1_18' title="bbox 544 793 1634 846; baseline -0.003 -12"><span class='ocrx_word' id='word_1_61' title='bbox 544 795 629 834; x_wconf 90' lang='lat' dir='ltr'>Cor</span> <span class='ocrx_word' id='word_1_62' title='bbox 648 794 817 846; x_wconf 86' lang='lat' dir='ltr'>pulsans</span> <span class='ocrx_word' id='word_1_63' title='bbox 837 793 1016 832; x_wconf 91' lang='lat' dir='ltr'>animam</span> <span class='ocrx_word' id='word_1_64' title='bbox 1038 793 1155 844; x_wconf 86' lang='lat' dir='ltr'>liquit</span> <span class='ocrx_word' id='word_1_65' title='bbox 1175 807 1273 832; x_wconf 85' lang='lat' dir='ltr'>mox</span> <span class='ocrx_word' id='word_1_66' title='bbox 1295 801 1420 843; x_wconf 90' lang='lat' dir='ltr'>atque</span> <span class='ocrx_word' id='word_1_67' title='bbox 1441 793 1634 832; x_wconf 91' lang='lat' dir='ltr'>calorem.</span> 
     </span>
     <span class='ocr_line' id='line_1_19' title="bbox 597 857 1682 910; baseline -0.002 -12"><span class='ocrx_word' id='word_1_68' title='bbox 597 859 700 898; x_wconf 88' lang='lat' dir='ltr'>Inde</span> <span class='ocrx_word' id='word_1_69' title='bbox 721 858 824 910; x_wconf 92' lang='lat' dir='ltr'>petit</span> <span class='ocrx_word' id='word_1_70' title='bbox 844 859 1031 908; x_wconf 82' lang='lat' dir='ltr'>Trogum</span> <span class='ocrx_word' id='word_1_71' title='bbox 1053 858 1289 897; x_wconf 90' lang='lat' dir='ltr'>haerentem</span> <span class='ocrx_word' id='word_1_72' title='bbox 1313 857 1352 895; x_wconf 91' lang='lat' dir='ltr'>in</span> <span class='ocrx_word' id='word_1_73' title='bbox 1373 857 1468 896; x_wconf 89' lang='lat' dir='ltr'>fune</span> <span class='ocrx_word' id='word_1_74' title='bbox 1490 857 1682 896; x_wconf 89' lang='lat' dir='ltr'>nefando.</span> 
     </span>
    </p>

    <p class='ocr_par' dir='ltr' id='par_1_18' title="bbox 544 922 1569 974">
     <span class='ocr_line' id='line_1_20' title="bbox 544 922 1569 974; baseline -0.002 -12"><span class='ocrx_word' id='word_1_75' title='bbox 544 923 626 974; x_wconf 82' lang='lat' dir='ltr'>Qui</span> <span class='ocrx_word' id='word_1_76' title='bbox 647 923 784 962; x_wconf 92' lang='lat' dir='ltr'>subito</span> <span class='ocrx_word' id='word_1_77' title='bbox 804 923 1001 962; x_wconf 88' lang='lat' dir='ltr'>attonitus</span> <span class='ocrx_word' id='word_1_78' title='bbox 1022 922 1240 961; x_wconf 90' lang='lat' dir='ltr'>recidentis</span> <span class='ocrx_word' id='word_1_79' title='bbox 1262 930 1395 961; x_wconf 87' lang='lat' dir='ltr'>morte</span> <span class='ocrx_word' id='word_1_80' title='bbox 1415 922 1569 961; x_wconf 80' lang='lat' dir='ltr'>sodalis</span> 
     </span>
    </p>

    <p class='ocr_par' dir='ltr' id='par_1_19' title="bbox 545 987 1567 1038">
     <span class='ocr_line' id='line_1_21' title="bbox 545 987 1567 1038; baseline -0.002 -11"><span class='ocrx_word' id='word_1_81' title='bbox 545 988 828 1038; x_wconf 91' lang='lat' dir='ltr'>Horribilique</span> <span class='ocrx_word' id='word_1_82' title='bbox 849 987 978 1027; x_wconf 87' lang='lat' dir='ltr'>hostis</span> <span class='ocrx_word' id='word_1_83' title='bbox 999 995 1224 1038; x_wconf 89' lang='lat' dir='ltr'>conspectu</span> <span class='ocrx_word' id='word_1_84' title='bbox 1245 995 1412 1038; x_wconf 89' lang='lat' dir='ltr'>ceperat</span> <span class='ocrx_word' id='word_1_85' title='bbox 1431 1000 1567 1025; x_wconf 91' lang='lat' dir='ltr'>acrem</span> 
     </span>
    </p>

    <p class='ocr_par' dir='ltr' id='par_1_20' title="bbox 544 1051 1636 1104">
     <span class='ocr_line' id='line_1_22' title="bbox 544 1051 1636 1104; baseline -0.001 -13"><span class='ocrx_word' id='word_1_86' title='bbox 544 1053 854 1103; x_wconf 88' lang='lat' dir='ltr'>Necquicquam</span> <span class='ocrx_word' id='word_1_87' title='bbox 877 1060 1078 1104; x_wconf 89' lang='lat' dir='ltr'>temptare</span> <span class='ocrx_word' id='word_1_88' title='bbox 1099 1052 1239 1103; x_wconf 82' lang='lat' dir='ltr'>fugam</span> <span class='ocrx_word' id='word_1_89' title='bbox 1263 1051 1475 1101; x_wconf 88' lang='lat' dir='ltr'>uoluitque</span> <span class='ocrx_word' id='word_1_90' title='bbox 1496 1051 1636 1090; x_wconf 88' lang='lat' dir='ltr'>relicta</span> 
     </span>
    </p>

    <p class='ocr_par' dir='ltr' id='par_1_21' title="bbox 545 1117 1644 1171">
     <span class='ocr_line' id='line_1_23' title="bbox 545 1117 1644 1171; baseline -0.002 -15"><span class='ocrx_word' id='word_1_91' title='bbox 545 1118 674 1156; x_wconf 84' lang='lat' dir='ltr'>Arma</span> <span class='ocrx_word' id='word_1_92' title='bbox 694 1117 950 1168; x_wconf 87' lang='lat' dir='ltr'>recolligere,</span> <span class='ocrx_word' id='word_1_93' title='bbox 973 1125 1017 1156; x_wconf 92' lang='lat' dir='ltr'>ut</span> <span class='ocrx_word' id='word_1_94' title='bbox 1037 1130 1197 1171; x_wconf 63' lang='lat' dir='ltr'>rurfium</span> <span class='ocrx_word' id='word_1_95' title='bbox 1221 1125 1430 1167; x_wconf 82' lang='lat' dir='ltr'>repararet</span> <span class='ocrx_word' id='word_1_96' title='bbox 1450 1129 1644 1167; x_wconf 83' lang='lat' dir='ltr'>agonem.</span> 
     </span>
    </p>

    <p class='ocr_par' dir='ltr' id='par_1_22' title="bbox 542 1181 1460 1232">
     <span class='ocr_line' id='line_1_24' title="bbox 542 1181 1460 1232; baseline -0.001 -12"><span class='ocrx_word' id='word_1_97' title='bbox 542 1183 649 1221; x_wconf 90' lang='lat' dir='ltr'>Nam</span> <span class='ocrx_word' id='word_1_98' title='bbox 672 1181 806 1221; x_wconf 89' lang='lat' dir='ltr'>cuncti</span> <span class='ocrx_word' id='word_1_99' title='bbox 827 1181 966 1220; x_wconf 90' lang='lat' dir='ltr'>funem</span> <span class='ocrx_word' id='word_1_100' title='bbox 989 1181 1155 1221; x_wconf 89' lang='lat' dir='ltr'>tracturi</span> <span class='ocrx_word' id='word_1_101' title='bbox 1177 1181 1460 1232; x_wconf 85' lang='lat' dir='ltr'>deposuerunt</span> 
     </span>
    </p>

    <p class='ocr_par' dir='ltr' id='par_1_23' title="bbox 543 1245 1636 1298">
     <span class='ocr_line' id='line_1_25' title="bbox 543 1245 1636 1298; baseline -0.001 -13"><span class='ocrx_word' id='word_1_102' title='bbox 543 1247 696 1286; x_wconf 86' lang='lat' dir='ltr'>Hastas</span> <span class='ocrx_word' id='word_1_103' title='bbox 718 1260 809 1285; x_wconf 91' lang='lat' dir='ltr'>cum</span> <span class='ocrx_word' id='word_1_104' title='bbox 834 1246 987 1298; x_wconf 86' lang='lat' dir='ltr'>clipeis,</span> <span class='ocrx_word' id='word_1_105' title='bbox 1010 1246 1085 1285; x_wconf 94' lang='lat' dir='ltr'>sed</span> <span class='ocrx_word' id='word_1_106' title='bbox 1107 1254 1263 1296; x_wconf 90' lang='lat' dir='ltr'>quanto</span> <span class='ocrx_word' id='word_1_107' title='bbox 1285 1245 1491 1285; x_wconf 85' lang='lat' dir='ltr'>maximus</span> <span class='ocrx_word' id='word_1_108' title='bbox 1513 1246 1636 1284; x_wconf 88' lang='lat' dir='ltr'>heros</span> 
     </span>
    </p>

    <p class='ocr_par' dir='ltr' id='par_1_24' title="bbox 542 1309 1384 1358">
     <span class='ocr_line' id='line_1_26' title="bbox 542 1309 1384 1358; baseline -0.004 -7"><span class='ocrx_word' id='word_1_109' title='bbox 542 1311 708 1351; x_wconf 89' lang='lat' dir='ltr'>Fortior</span> <span class='ocrx_word' id='word_1_110' title='bbox 728 1311 930 1358; x_wconf 86' lang='lat' dir='ltr'>extiterat,</span> <span class='ocrx_word' id='word_1_111' title='bbox 952 1319 1067 1350; x_wconf 86' lang='lat' dir='ltr'>tanto</span> <span class='ocrx_word' id='word_1_112' title='bbox 1088 1310 1161 1349; x_wconf 88' lang='lat' dir='ltr'>fuit</span> <span class='ocrx_word' id='word_1_113' title='bbox 1182 1310 1295 1349; x_wconf 92' lang='lat' dir='ltr'>ocior</span> <span class='ocrx_word' id='word_1_114' title='bbox 1316 1309 1384 1349; x_wconf 93' lang='lat' dir='ltr'>olli</span> 
     </span>
    </p>

    <p class='ocr_par' dir='ltr' id='par_1_25' title="bbox 543 1373 1405 1426">
     <span class='ocr_line' id='line_1_27' title="bbox 543 1373 1405 1426; baseline -0.002 -12"><span class='ocrx_word' id='word_1_115' title='bbox 543 1375 595 1414; x_wconf 87' lang='lat' dir='ltr'>Et</span> <span class='ocrx_word' id='word_1_116' title='bbox 616 1388 737 1414; x_wconf 91' lang='lat' dir='ltr'>cursu</span> <span class='ocrx_word' id='word_1_117' title='bbox 759 1382 883 1426; x_wconf 91' lang='lat' dir='ltr'>capto</span> <span class='ocrx_word' id='word_1_118' title='bbox 903 1387 1019 1413; x_wconf 89' lang='lat' dir='ltr'>suras</span> <span class='ocrx_word' id='word_1_119' title='bbox 1040 1387 1239 1412; x_wconf 90' lang='lat' dir='ltr'>mucrone</span> <span class='ocrx_word' id='word_1_120' title='bbox 1260 1373 1405 1413; x_wconf 90' lang='lat' dir='ltr'>recidit</span> 
     </span>
    </p>

    <p class='ocr_par' dir='ltr' id='par_1_26' title="bbox 541 1438 1504 1490">
     <span class='ocr_line' id='line_1_28' title="bbox 541 1438 1504 1490; baseline -0.002 -12"><span class='ocrx_word' id='word_1_121' title='bbox 541 1440 605 1478; x_wconf 87' lang='lat' dir='ltr'>Ac</span> <span class='ocrx_word' id='word_1_122' title='bbox 625 1439 683 1478; x_wconf 89' lang='lat' dir='ltr'>sic</span> <span class='ocrx_word' id='word_1_123' title='bbox 703 1439 911 1479; x_wconf 91' lang='lat' dir='ltr'>tardatum</span> <span class='ocrx_word' id='word_1_124' title='bbox 934 1438 1150 1490; x_wconf 89' lang='lat' dir='ltr'>praeuenit</span> <span class='ocrx_word' id='word_1_125' title='bbox 1170 1446 1210 1478; x_wconf 84' lang='lat' dir='ltr'>et</span> <span class='ocrx_word' id='word_1_126' title='bbox 1230 1438 1396 1478; x_wconf 88' lang='lat' dir='ltr'>abstulit</span> <span class='ocrx_word' id='word_1_127' title='bbox 1417 1438 1504 1490; x_wconf 89' lang='lat' dir='ltr'>ejus</span> 
     </span>
    </p>

    <p class='ocr_par' dir='ltr' id='par_1_27' title="bbox 539 1503 1682 1555">
     <span class='ocr_line' id='line_1_29' title="bbox 539 1503 1682 1555; baseline -0.002 -12"><span class='ocrx_word' id='word_1_128' title='bbox 539 1504 726 1544; x_wconf 87' lang='lat' dir='ltr'>Scutum.</span> <span class='ocrx_word' id='word_1_129' title='bbox 785 1504 859 1543; x_wconf 91' lang='lat' dir='ltr'>sed</span> <span class='ocrx_word' id='word_1_130' title='bbox 881 1503 1048 1555; x_wconf 88' lang='lat' dir='ltr'>Trogus</span> <span class='ocrx_word' id='word_1_131' title='bbox 1070 1503 1261 1554; x_wconf 88' lang='lat' dir='ltr'>quamuis</span> <span class='ocrx_word' id='word_1_132' title='bbox 1282 1503 1336 1542; x_wconf 88' lang='lat' dir='ltr'>de</span> <span class='ocrx_word' id='word_1_133' title='bbox 1357 1503 1527 1542; x_wconf 89' lang='lat' dir='ltr'>uulnere</span> <span class='ocrx_word' id='word_1_134' title='bbox 1549 1503 1682 1542; x_wconf 84' lang='lat' dir='ltr'>laesus</span> 
     </span>
    </p>

    <p class='ocr_par' dir='ltr' id='par_1_28' title="bbox 539 1568 1672 1620">
     <span class='ocr_line' id='line_1_30' title="bbox 539 1568 1672 1620; baseline -0.002 -12"><span class='ocrx_word' id='word_1_135' title='bbox 539 1570 682 1608; x_wconf 90' lang='lat' dir='ltr'>Mente</span> <span class='ocrx_word' id='word_1_136' title='bbox 703 1577 841 1608; x_wconf 90' lang='lat' dir='ltr'>tamen</span> <span class='ocrx_word' id='word_1_137' title='bbox 862 1568 1026 1608; x_wconf 86' lang='lat' dir='ltr'>feruens</span> <span class='ocrx_word' id='word_1_138' title='bbox 1046 1581 1192 1607; x_wconf 87' lang='lat' dir='ltr'>saxum</span> <span class='ocrx_word' id='word_1_139' title='bbox 1215 1568 1492 1620; x_wconf 87' lang='lat' dir='ltr'>circumspicit</span> <span class='ocrx_word' id='word_1_140' title='bbox 1513 1568 1672 1619; x_wconf 86' lang='lat' dir='ltr'>ingens,</span> 
     </span>
    </p>

    <p class='ocr_par' dir='ltr' id='par_1_29' title="bbox 540 1632 1697 1685">
     <span class='ocr_line' id='line_1_31' title="bbox 540 1632 1697 1685; baseline -0.001 -13"><span class='ocrx_word' id='word_1_141' title='bbox 540 1634 668 1684; x_wconf 81' lang='lat' dir='ltr'>Quod</span> <span class='ocrx_word' id='word_1_142' title='bbox 689 1633 853 1685; x_wconf 87' lang='lat' dir='ltr'>rapiens</span> <span class='ocrx_word' id='word_1_143' title='bbox 873 1632 1012 1672; x_wconf 92' lang='lat' dir='ltr'>subito</span> <span class='ocrx_word' id='word_1_144' title='bbox 1033 1632 1234 1672; x_wconf 88' lang='lat' dir='ltr'>obnixum</span> <span class='ocrx_word' id='word_1_145' title='bbox 1256 1632 1455 1672; x_wconf 91' lang='lat' dir='ltr'>contorsit</span> <span class='ocrx_word' id='word_1_146' title='bbox 1476 1633 1515 1671; x_wconf 91' lang='lat' dir='ltr'>in</span> <span class='ocrx_word' id='word_1_147' title='bbox 1537 1633 1697 1672; x_wconf 85' lang='lat' dir='ltr'>hostem</span> 
     </span>
    </p>

    <p class='ocr_par' dir='ltr' id='par_1_30' title="bbox 541 1697 1750 1750">
     <span class='ocr_line' id='line_1_32' title="bbox 541 1697 1750 1750; baseline -0.002 -12"><span class='ocrx_word' id='word_1_148' title='bbox 541 1699 594 1738; x_wconf 84' lang='lat' dir='ltr'>Et</span> <span class='ocrx_word' id='word_1_149' title='bbox 614 1698 828 1750; x_wconf 90' lang='lat' dir='ltr'>proprium</span> <span class='ocrx_word' id='word_1_150' title='bbox 850 1712 873 1736; x_wconf 93' lang='lat' dir='ltr'>a</span> <span class='ocrx_word' id='word_1_151' title='bbox 892 1711 1058 1737; x_wconf 89' lang='lat' dir='ltr'>summo</span> <span class='ocrx_word' id='word_1_152' title='bbox 1080 1697 1258 1749; x_wconf 90' lang='lat' dir='ltr'>clipeum</span> <span class='ocrx_word' id='word_1_153' title='bbox 1281 1697 1370 1737; x_wconf 90' lang='lat' dir='ltr'>fidit</span> <span class='ocrx_word' id='word_1_154' title='bbox 1386 1710 1518 1748; x_wconf 92' lang='lat' dir='ltr'>usque</span> <span class='ocrx_word' id='word_1_155' title='bbox 1539 1697 1750 1743; x_wconf 87' lang='lat' dir='ltr'>deorsum,</span> 
     </span>
    </p>

    <p class='ocr_par' dir='ltr' id='par_1_31' title="bbox 540 1762 1609 1814">
     <span class='ocr_line' id='line_1_33' title="bbox 540 1762 1609 1814; baseline -0.001 -12"><span class='ocrx_word' id='word_1_156' title='bbox 540 1763 625 1803; x_wconf 84' lang='lat' dir='ltr'>Sed</span> <span class='ocrx_word' id='word_1_157' title='bbox 646 1763 792 1802; x_wconf 89' lang='lat' dir='ltr'>retinet</span> <span class='ocrx_word' id='word_1_158' title='bbox 811 1762 983 1802; x_wconf 89' lang='lat' dir='ltr'>fractum</span> <span class='ocrx_word' id='word_1_159' title='bbox 1007 1762 1125 1814; x_wconf 90' lang='lat' dir='ltr'>pellis</span> <span class='ocrx_word' id='word_1_160' title='bbox 1145 1762 1415 1814; x_wconf 89' lang='lat' dir='ltr'>superaddita</span> <span class='ocrx_word' id='word_1_161' title='bbox 1435 1762 1609 1813; x_wconf 86' lang='lat' dir='ltr'>lignum.</span> 
     </span>
    </p>

    <p class='ocr_par' dir='ltr' id='par_1_32' title="bbox 538 1827 1651 1879">
     <span class='ocr_line' id='line_1_34' title="bbox 538 1827 1651 1879; baseline -0.002 -12"><span class='ocrx_word' id='word_1_162' title='bbox 538 1829 727 1878; x_wconf 83' lang='lat' dir='ltr'>Moxque</span> <span class='ocrx_word' id='word_1_163' title='bbox 747 1841 857 1878; x_wconf 89' lang='lat' dir='ltr'>genu</span> <span class='ocrx_word' id='word_1_164' title='bbox 878 1827 1015 1879; x_wconf 88' lang='lat' dir='ltr'>posito</span> <span class='ocrx_word' id='word_1_165' title='bbox 1037 1827 1211 1866; x_wconf 90' lang='lat' dir='ltr'>uiridem</span> <span class='ocrx_word' id='word_1_166' title='bbox 1234 1836 1484 1866; x_wconf 89' lang='lat' dir='ltr'>uacuauerat</span> <span class='ocrx_word' id='word_1_167' title='bbox 1504 1827 1651 1866; x_wconf 90' lang='lat' dir='ltr'>aedem</span> 
     </span>
    </p>

    <p class='ocr_par' dir='ltr' id='par_1_33' title="bbox 538 1891 1503 1943">
     <span class='ocr_line' id='line_1_35' title="bbox 538 1891 1503 1943; baseline -0.001 -12"><span class='ocrx_word' id='word_1_168' title='bbox 538 1893 678 1943; x_wconf 88' lang='lat' dir='ltr'>Atque</span> <span class='ocrx_word' id='word_1_169' title='bbox 699 1892 848 1931; x_wconf 89' lang='lat' dir='ltr'>ardens</span> <span class='ocrx_word' id='word_1_170' title='bbox 869 1891 1015 1931; x_wconf 90' lang='lat' dir='ltr'>animis</span> <span class='ocrx_word' id='word_1_171' title='bbox 1035 1891 1197 1931; x_wconf 89' lang='lat' dir='ltr'>uibratu</span> <span class='ocrx_word' id='word_1_172' title='bbox 1219 1892 1363 1931; x_wconf 88' lang='lat' dir='ltr'>terruit</span> <span class='ocrx_word' id='word_1_173' title='bbox 1382 1905 1503 1930; x_wconf 90' lang='lat' dir='ltr'>auras</span> 
     </span>
    </p>

    <p class='ocr_par' dir='ltr' id='par_1_34' title="bbox 539 1955 1509 2007">
     <span class='ocr_line' id='line_1_36' title="bbox 539 1955 1509 2007; baseline -0.001 -11"><span class='ocrx_word' id='word_1_174' title='bbox 539 1958 592 1996; x_wconf 84' lang='lat' dir='ltr'>Et</span> <span class='ocrx_word' id='word_1_175' title='bbox 611 1957 645 1996; x_wconf 92' lang='lat' dir='ltr'>si</span> <span class='ocrx_word' id='word_1_176' title='bbox 668 1970 750 1996; x_wconf 91' lang='lat' dir='ltr'>non</span> <span class='ocrx_word' id='word_1_177' title='bbox 771 1956 902 2007; x_wconf 89' lang='lat' dir='ltr'>quiuit</span> <span class='ocrx_word' id='word_1_178' title='bbox 923 1956 1116 1996; x_wconf 87' lang='lat' dir='ltr'>uirtutem</span> <span class='ocrx_word' id='word_1_179' title='bbox 1139 1957 1360 1996; x_wconf 87' lang='lat' dir='ltr'>ostendere</span> <span class='ocrx_word' id='word_1_180' title='bbox 1381 1955 1509 2002; x_wconf 70' lang='lat' dir='ltr'>sactis,</span> 
     </span>
    </p>

    <p class='ocr_par' dir='ltr' id='par_1_35' title="bbox 538 2020 1605 2072">
     <span class='ocr_line' id='line_1_37' title="bbox 538 2020 1605 2072; baseline -0.001 -12"><span class='ocrx_word' id='word_1_181' title='bbox 538 2021 676 2061; x_wconf 92' lang='lat' dir='ltr'>Corde</span> <span class='ocrx_word' id='word_1_182' title='bbox 697 2030 836 2061; x_wconf 87' lang='lat' dir='ltr'>tamen</span> <span class='ocrx_word' id='word_1_183' title='bbox 857 2021 1043 2060; x_wconf 90' lang='lat' dir='ltr'>habitum</span> <span class='ocrx_word' id='word_1_184' title='bbox 1067 2020 1258 2072; x_wconf 86' lang='lat' dir='ltr'>patefecit</span> <span class='ocrx_word' id='word_1_185' title='bbox 1280 2029 1320 2060; x_wconf 89' lang='lat' dir='ltr'>et</span> <span class='ocrx_word' id='word_1_186' title='bbox 1340 2034 1411 2060; x_wconf 90' lang='lat' dir='ltr'>ore</span> <span class='ocrx_word' id='word_1_187' title='bbox 1433 2020 1605 2060; x_wconf 88' lang='lat' dir='ltr'>uirilem.</span> 
     </span>
    </p>

    <p class='ocr_par' dir='ltr' id='par_1_36' title="bbox 539 2085 1473 2125">
     <span class='ocr_line' id='line_1_38' title="bbox 539 2085 1473 2125; baseline -0.001 0"><span class='ocrx_word' id='word_1_188' title='bbox 539 2087 627 2125; x_wconf 93' lang='lat' dir='ltr'>Nec</span> <span class='ocrx_word' id='word_1_189' title='bbox 649 2100 789 2125; x_wconf 91' lang='lat' dir='ltr'>manes</span> <span class='ocrx_word' id='word_1_190' title='bbox 810 2085 944 2125; x_wconf 91' lang='lat' dir='ltr'>ridere</span> <span class='ocrx_word' id='word_1_191' title='bbox 965 2085 1112 2124; x_wconf 86' lang='lat' dir='ltr'>uidens</span> <span class='ocrx_word' id='word_1_192' title='bbox 1133 2085 1345 2125; x_wconf 89' lang='lat' dir='ltr'>audaciter</span> <span class='ocrx_word' id='word_1_193' title='bbox 1365 2085 1473 2125; x_wconf 87' lang='lat' dir='ltr'>infit:</span> 
     </span>
    </p>

    <p class='ocr_par' dir='ltr' id='par_1_37' title="bbox 538 2149 1626 2201">
     <span class='ocr_line' id='line_1_39' title="bbox 538 2149 1626 2201; baseline -0.002 -11"><span class='ocrx_word' id='word_1_194' title='bbox 538 2152 590 2191; x_wconf 83' lang='lat' dir='ltr'>‘O</span> <span class='ocrx_word' id='word_1_195' title='bbox 613 2150 713 2189; x_wconf 88' lang='lat' dir='ltr'>mihi</span> <span class='ocrx_word' id='word_1_196' title='bbox 733 2150 766 2189; x_wconf 89' lang='lat' dir='ltr'>si</span> <span class='ocrx_word' id='word_1_197' title='bbox 788 2150 944 2201; x_wconf 90' lang='lat' dir='ltr'>clipeus</span> <span class='ocrx_word' id='word_1_198' title='bbox 966 2150 1032 2188; x_wconf 91' lang='lat' dir='ltr'>uel</span> <span class='ocrx_word' id='word_1_199' title='bbox 1053 2149 1086 2189; x_wconf 86' lang='lat' dir='ltr'>si</span> <span class='ocrx_word' id='word_1_200' title='bbox 1107 2150 1236 2189; x_wconf 90' lang='lat' dir='ltr'>modo</span> <span class='ocrx_word' id='word_1_201' title='bbox 1257 2150 1422 2189; x_wconf 90' lang='lat' dir='ltr'>adesset</span> <span class='ocrx_word' id='word_1_202' title='bbox 1442 2150 1599 2189; x_wconf 89' lang='lat' dir='ltr'>amicus</span> <span class='ocrx_word' id='word_1_203' title='bbox 1619 2150 1626 2188; x_wconf 73' lang='lat' dir='ltr'>l</span> 
     </span>
    </p>

    <p class='ocr_par' dir='ltr' id='par_1_38' title="bbox 538 2214 1553 2261">
     <span class='ocr_line' id='line_1_40' title="bbox 538 2214 1553 2261; baseline -0.001 -7"><span class='ocrx_word' id='word_1_204' title='bbox 538 2216 642 2254; x_wconf 86' lang='lat' dir='ltr'>Fors</span> <span class='ocrx_word' id='word_1_205' title='bbox 663 2215 735 2254; x_wconf 88' lang='lat' dir='ltr'>tibi</span> <span class='ocrx_word' id='word_1_206' title='bbox 756 2214 971 2254; x_wconf 88' lang='lat' dir='ltr'>uictoriam</span> <span class='ocrx_word' id='word_1_207' title='bbox 993 2214 1046 2253; x_wconf 93' lang='lat' dir='ltr'>de</span> <span class='ocrx_word' id='word_1_208' title='bbox 1068 2228 1146 2261; x_wconf 87' lang='lat' dir='ltr'>me,</span> <span class='ocrx_word' id='word_1_209' title='bbox 1162 2228 1245 2253; x_wconf 91' lang='lat' dir='ltr'>non</span> <span class='ocrx_word' id='word_1_210' title='bbox 1267 2214 1403 2254; x_wconf 89' lang='lat' dir='ltr'>inclita</span> <span class='ocrx_word' id='word_1_211' title='bbox 1424 2214 1553 2254; x_wconf 91' lang='lat' dir='ltr'>uirtus</span> 
     </span>
    </p>

    <p class='ocr_par' dir='ltr' id='par_1_39' title="bbox 537 2277 1782 2393">
     <span class='ocr_line' id='line_1_41' title="bbox 537 2277 1699 2320; baseline -0.002 -3"><span class='ocrx_word' id='word_1_212' title='bbox 537 2277 733 2319; x_wconf 84' lang='lat' dir='ltr'>Contulit.</span> <span class='ocrx_word' id='word_1_213' title='bbox 790 2277 843 2316; x_wconf 90' lang='lat' dir='ltr'>ad</span> <span class='ocrx_word' id='word_1_214' title='bbox 864 2286 1025 2316; x_wconf 90' lang='lat' dir='ltr'>scutum</span> <span class='ocrx_word' id='word_1_215' title='bbox 1049 2291 1289 2316; x_wconf 89' lang='lat' dir='ltr'>mucronem</span> <span class='ocrx_word' id='word_1_216' title='bbox 1311 2277 1443 2320; x_wconf 93' lang='lat' dir='ltr'>tollito</span> <span class='ocrx_word' id='word_1_217' title='bbox 1464 2285 1650 2316; x_wconf 88' lang='lat' dir='ltr'>nostrum</span> <span class='ocrx_word' id='word_1_218' title='bbox 1667 2277 1699 2315; x_wconf 77' lang='lat'>1’</span> 
     </span>
     <span class='ocr_line' id='line_1_42' title="bbox 590 2341 1782 2393; baseline -0.001 -12"><span class='ocrx_word' id='word_1_219' title='bbox 590 2343 699 2381; x_wconf 89' lang='lat' dir='ltr'>Turn</span> <span class='ocrx_word' id='word_1_220' title='bbox 720 2354 889 2393; x_wconf 88' lang='lat' dir='ltr'>quoque</span> <span class='ocrx_word' id='word_1_221' title='bbox 909 2342 1150 2381; x_wconf 88' lang='lat' dir='ltr'>subridens:</span> <span class='ocrx_word' id='word_1_222' title='bbox 1183 2342 1329 2381; x_wconf 91' lang='lat' dir='ltr'>‘uenio</span> <span class='ocrx_word' id='word_1_223' title='bbox 1350 2341 1459 2387; x_wconf 91' lang='lat' dir='ltr'>iam,’</span> <span class='ocrx_word' id='word_1_224' title='bbox 1480 2341 1640 2381; x_wconf 85' lang='lat' dir='ltr'>dixerat</span> <span class='ocrx_word' id='word_1_225' title='bbox 1662 2342 1782 2381; x_wconf 87' lang='lat' dir='ltr'>heros</span> 
     </span>
    </p>

    <p class='ocr_par' dir='ltr' id='par_1_40' title="bbox 538 2404 1582 2445">
     <span class='ocr_line' id='line_1_43' title="bbox 538 2404 1582 2445; baseline -0.002 0"><span class='ocrx_word' id='word_1_226' title='bbox 538 2406 590 2445; x_wconf 87' lang='lat' dir='ltr'>Et</span> <span class='ocrx_word' id='word_1_227' title='bbox 611 2419 731 2444; x_wconf 89' lang='lat' dir='ltr'>cursu</span> <span class='ocrx_word' id='word_1_228' title='bbox 752 2405 984 2444; x_wconf 87' lang='lat' dir='ltr'>aduolitans</span> <span class='ocrx_word' id='word_1_229' title='bbox 1006 2405 1194 2444; x_wconf 84' lang='lat' dir='ltr'>dextram</span> <span class='ocrx_word' id='word_1_230' title='bbox 1215 2404 1396 2444; x_wconf 87' lang='lat' dir='ltr'>ferientis</span> <span class='ocrx_word' id='word_1_231' title='bbox 1415 2404 1582 2444; x_wconf 90' lang='lat' dir='ltr'>ademit.</span> 
     </span>
    </p>

    <p class='ocr_par' dir='ltr' id='par_1_41' title="bbox 535 2467 1684 2508">
     <span class='ocr_line' id='line_1_44' title="bbox 535 2467 1684 2508; baseline -0.003 0"><span class='ocrx_word' id='word_1_232' title='bbox 535 2468 620 2508; x_wconf 87' lang='lat' dir='ltr'>Sed</span> <span class='ocrx_word' id='word_1_233' title='bbox 642 2481 735 2507; x_wconf 90' lang='lat' dir='ltr'>curn</span> <span class='ocrx_word' id='word_1_234' title='bbox 757 2467 910 2507; x_wconf 90' lang='lat' dir='ltr'>athleta</span> <span class='ocrx_word' id='word_1_235' title='bbox 931 2467 1057 2506; x_wconf 88' lang='lat' dir='ltr'>ictum</span> <span class='ocrx_word' id='word_1_236' title='bbox 1078 2467 1243 2507; x_wconf 88' lang='lat' dir='ltr'>libraret</span> <span class='ocrx_word' id='word_1_237' title='bbox 1263 2467 1315 2506; x_wconf 93' lang='lat' dir='ltr'>ab</span> <span class='ocrx_word' id='word_1_238' title='bbox 1335 2481 1433 2506; x_wconf 93' lang='lat' dir='ltr'>aure</span> <span class='ocrx_word' id='word_1_239' title='bbox 1453 2468 1684 2506; x_wconf 90' lang='lat' dir='ltr'>secundum</span> 
     </span>
    </p>
   </div>
   <div class='ocr_carea' id='block_1_11' title="bbox 535 2531 1596 2712">
    <p class='ocr_par' dir='ltr' id='par_1_42' title="bbox 535 2531 1596 2712">
     <span class='ocr_line' id='line_1_45' title="bbox 536 2531 1561 2584; baseline -0.002 -12"><span class='ocrx_word' id='word_1_240' title='bbox 536 2532 813 2584; x_wconf 88' lang='lat' dir='ltr'>Pergentique</span> <span class='ocrx_word' id='word_1_241' title='bbox 834 2531 994 2571; x_wconf 89' lang='lat' dir='ltr'>animae</span> <span class='ocrx_word' id='word_1_242' title='bbox 1016 2532 1159 2571; x_wconf 90' lang='lat' dir='ltr'>ualuas</span> <span class='ocrx_word' id='word_1_243' title='bbox 1180 2532 1341 2583; x_wconf 90' lang='lat' dir='ltr'>aperire</span> <span class='ocrx_word' id='word_1_244' title='bbox 1361 2531 1561 2577; x_wconf 85' lang='lat' dir='ltr'>studeret,</span> 
     </span>
     <span class='ocr_line' id='line_1_46' title="bbox 536 2596 1596 2647; baseline -0.002 -11"><span class='ocrx_word' id='word_1_245' title='bbox 536 2598 645 2636; x_wconf 89' lang='lat' dir='ltr'>Ecce</span> <span class='ocrx_word' id='word_1_246' title='bbox 665 2597 870 2636; x_wconf 89' lang='lat' dir='ltr'>Tanastus</span> <span class='ocrx_word' id='word_1_247' title='bbox 890 2596 1010 2635; x_wconf 88' lang='lat' dir='ltr'>adest</span> <span class='ocrx_word' id='word_1_248' title='bbox 1029 2596 1119 2635; x_wconf 91' lang='lat' dir='ltr'>telis</span> <span class='ocrx_word' id='word_1_249' title='bbox 1140 2610 1234 2635; x_wconf 87' lang='lat' dir='ltr'>cum</span> <span class='ocrx_word' id='word_1_250' title='bbox 1256 2610 1355 2647; x_wconf 86' lang='lat' dir='ltr'>rege</span> <span class='ocrx_word' id='word_1_251' title='bbox 1376 2596 1596 2647; x_wconf 89' lang='lat' dir='ltr'>resumptis</span> 
     </span>
     <span class='ocr_line' id='line_1_47' title="bbox 535 2660 1480 2712; baseline -0.002 -11"><span class='ocrx_word' id='word_1_252' title='bbox 535 2662 589 2701; x_wconf 84' lang='lat' dir='ltr'>Et</span> <span class='ocrx_word' id='word_1_253' title='bbox 608 2660 766 2701; x_wconf 91' lang='lat' dir='ltr'>socium</span> <span class='ocrx_word' id='word_1_254' title='bbox 788 2660 949 2700; x_wconf 85' lang='lat' dir='ltr'>obiecta</span> <span class='ocrx_word' id='word_1_255' title='bbox 969 2660 1150 2712; x_wconf 86' lang='lat' dir='ltr'>protexit</span> <span class='ocrx_word' id='word_1_256' title='bbox 1170 2661 1339 2699; x_wconf 83' lang='lat' dir='ltr'>uulnere</span> <span class='ocrx_word' id='word_1_257' title='bbox 1359 2660 1480 2712; x_wconf 84' lang='lat' dir='ltr'>pelta.</span> 
     </span>
    </p>
   </div>
   <div class='ocr_carea' id='block_1_12' title="bbox 1481 2736 1607 2740">
    <p class='ocr_par' dir='ltr' id='par_1_43' title="bbox 1481 2736 1607 2740">
     <span class='ocr_line' id='line_1_48' title="bbox 1481 2736 1607 2740; baseline 0 0"><span class='ocrx_word' id='word_1_258' title='bbox 1481 2736 1607 2740; x_wconf 95' lang='lat' dir='ltr'> </span> 
     </span>
    </p>
   </div>
   <div class='ocr_carea' id='block_1_13' title="bbox 421 2737 1868 2796">
    <p class='ocr_par' dir='ltr' id='par_1_44' title="bbox 421 2737 1868 2796">
     <span class='ocr_line' id='line_1_49' title="bbox 421 2737 1868 2796; baseline 0 -8"><span class='ocrx_word' id='word_1_259' title='bbox 421 2738 610 2788; x_wconf 22' lang='lat' dir='ltr'>1020Wrn0x⁷</span> <span class='ocrx_word' id='word_1_260' title='bbox 628 2737 792 2796; x_wconf 56' lang='lat' dir='ltr'>liquerat</span> <span class='ocrx_word' id='word_1_261' title='bbox 812 2737 983 2786; x_wconf 55' lang='lat' dir='ltr'>P.41oi1</span> <span class='ocrx_word' id='word_1_262' title='bbox 1003 2737 1185 2795; x_wconf 56' lang='lat' dir='ltr'>&#39;frogunt</span> <span class='ocrx_word' id='word_1_263' title='bbox 1207 2737 1380 2795; x_wconf 44' lang='lat' dir='ltr'>ffssssio23</span> <span class='ocrx_word' id='word_1_264' title='bbox 1405 2760 1587 2795; x_wconf 88' lang='lat' dir='ltr'>coeperat</span> <span class='ocrx_word' id='word_1_265' title='bbox 1614 2739 1787 2794; x_wconf 74' lang='lat' dir='ltr'>P.—1}&gt;24</span> <span class='ocrx_word' id='word_1_266' title='bbox 1805 2738 1868 2788; x_wconf 46' lang='lat' dir='ltr'>de-</span> 
     </span>
    </p>
   </div>
   <div class='ocr_carea' id='block_1_14' title="bbox 373 2807 1723 2853">
    <p class='ocr_par' dir='ltr' id='par_1_45' title="bbox 373 2807 1723 2853">
     <span class='ocr_line' id='line_1_50' title="bbox 373 2807 1723 2853; baseline -0.001 -10"><span class='ocrx_word' id='word_1_267' title='bbox 373 2810 554 2853; x_wconf 79' lang='lat' dir='ltr'>quiquam</span> <span class='ocrx_word' id='word_1_268' title='bbox 583 2809 757 2850; x_wconf 86' lang='lat' dir='ltr'>P.—1o31</span> <span class='ocrx_word' id='word_1_269' title='bbox 776 2808 950 2850; x_wconf 87' lang='lat' dir='ltr'>Trogunt</span> <span class='ocrx_word' id='word_1_270' title='bbox 970 2808 1141 2849; x_wconf 84' lang='lat' dir='ltr'>P.-1035</span> <span class='ocrx_word' id='word_1_271' title='bbox 1158 2807 1320 2841; x_wconf 89' lang='lat' dir='ltr'>scissum</span> <span class='ocrx_word' id='word_1_272' title='bbox 1342 2808 1515 2849; x_wconf 84' lang='lat' dir='ltr'>P.—1036</span> <span class='ocrx_word' id='word_1_273' title='bbox 1531 2819 1664 2842; x_wconf 87' lang='lat' dir='ltr'>ensem</span> <span class='ocrx_word' id='word_1_274' title='bbox 1686 2809 1723 2841; x_wconf 87' lang='lat' dir='ltr'>P.</span> 
     </span>
    </p>
   </div>
  </div>
 </body>
</html>
