<?xml version="1.0" encoding="UTF-8"?>
<!DOCTYPE html PUBLIC "-//W3C//DTD XHTML 1.0 Transitional//EN"
    "http://www.w3.org/TR/xhtml1/DTD/xhtml1-transitional.dtd">
<html xmlns="http://www.w3.org/1999/xhtml" xml:lang="en" lang="en">
 <head>
  <title>
</title>
<meta http-equiv="Content-Type" content="text/html;charset=utf-8" />
  <meta name='ocr-system' content='tesseract 3.04.00' />
  <meta name='ocr-capabilities' content='ocr_page ocr_carea ocr_par ocr_line ocrx_word'/>
</head>
<body>
  <div class='ocr_page' id='page_1' title='image "./sagaofwaltherofa00learrich_0054.png"; bbox 0 0 1909 3279; ppageno 0'>
   <div class='ocr_carea' id='block_1_1' title="bbox 390 196 1518 254">
    <p class='ocr_par' dir='ltr' id='par_1_1' title="bbox 390 196 1518 254">
     <span class='ocr_line' id='line_1_1' title="bbox 390 196 1518 254; baseline -0.008 -16"><span class='ocrx_word' id='word_1_1' title='bbox 390 209 438 254; x_wconf 82' lang='lat'>38</span> <span class='ocrx_word' id='word_1_2' title='bbox 769 201 882 235; x_wconf 79' lang='lat' dir='ltr'>WAL</span> <span class='ocrx_word' id='word_1_3' title='bbox 896 200 1050 234; x_wconf 76' lang='lat' dir='ltr'><em>THER</em></span> <span class='ocrx_word' id='word_1_4' title='bbox 1079 200 1153 233; x_wconf 83' lang='lat' dir='ltr'>OF</span> <span class='ocrx_word' id='word_1_5' title='bbox 1171 196 1518 240; x_wconf 76' lang='lat' dir='ltr'><em>AQUJTAJNE.</em></span> 
     </span>
    </p>
   </div>
   <div class='ocr_carea' id='block_1_2' title="bbox 385 304 1884 2739">
    <p class='ocr_par' dir='ltr' id='par_1_2' title="bbox 385 304 1884 2739">
     <span class='ocr_line' id='line_1_2' title="bbox 553 304 1580 349; baseline -0.007 0"><span class='ocrx_word' id='word_1_6' title='bbox 553 310 638 349; x_wconf 89' lang='lat' dir='ltr'>Sed</span> <span class='ocrx_word' id='word_1_7' title='bbox 658 310 771 348; x_wconf 81' lang='lat' dir='ltr'>velut</span> <span class='ocrx_word' id='word_1_8' title='bbox 790 309 885 347; x_wconf 91' lang='lat' dir='ltr'>hinc</span> <span class='ocrx_word' id='word_1_9' title='bbox 905 308 1055 347; x_wconf 87' lang='lat' dir='ltr'>surdus</span> <span class='ocrx_word' id='word_1_10' title='bbox 1076 307 1158 346; x_wconf 75' lang='lat' dir='ltr'>alio</span> <span class='ocrx_word' id='word_1_11' title='bbox 1178 305 1429 345; x_wconf 79' lang='lat' dir='ltr'>convertitur</span> <span class='ocrx_word' id='word_1_12' title='bbox 1448 304 1580 343; x_wconf 91' lang='lat' dir='ltr'>aiens:</span> 
     </span>
     <span class='ocr_line' id='line_1_3' title="bbox 554 370 1659 424; baseline -0.007 -10"><span class='ocrx_word' id='word_1_13' title='bbox 554 375 646 413; x_wconf 73' lang='lat' dir='ltr'>‘Ad</span> <span class='ocrx_word' id='word_1_14' title='bbox 667 383 706 413; x_wconf 90' lang='lat' dir='ltr'>te</span> <span class='ocrx_word' id='word_1_15' title='bbox 727 387 865 413; x_wconf 90' lang='lat' dir='ltr'>sermo</span> <span class='ocrx_word' id='word_1_16' title='bbox 885 373 984 411; x_wconf 92' lang='lat' dir='ltr'>mihi</span> <span class='ocrx_word' id='word_1_17' title='bbox 1009 373 1201 424; x_wconf 88' lang='lat' dir='ltr'>Hagano,</span> <span class='ocrx_word' id='word_1_18' title='bbox 1223 370 1400 410; x_wconf 81' lang='lat' dir='ltr'>subsiste</span> <span class='ocrx_word' id='word_1_19' title='bbox 1421 381 1659 421; x_wconf 78' lang='lat' dir='ltr'>parumper.</span> 
     </span>
     <span class='ocr_line' id='line_1_4' title="bbox 398 434 1619 490; baseline -0.007 -12"><span class='ocrx_word' id='word_1_20' title='bbox 398 453 498 489; x_wconf 87' lang='lat'>1240</span> <span class='ocrx_word' id='word_1_21' title='bbox 556 439 666 490; x_wconf 78' lang='lat' dir='ltr'>Quid</span> <span class='ocrx_word' id='word_1_22' title='bbox 689 452 794 490; x_wconf 86' lang='lat' dir='ltr'>rogo</span> <span class='ocrx_word' id='word_1_23' title='bbox 815 447 899 477; x_wconf 87' lang='lat' dir='ltr'>tam</span> <span class='ocrx_word' id='word_1_24' title='bbox 922 438 1050 476; x_wconf 84' lang='lat' dir='ltr'>fidum</span> <span class='ocrx_word' id='word_1_25' title='bbox 1073 436 1211 476; x_wconf 89' lang='lat' dir='ltr'>subito</span> <span class='ocrx_word' id='word_1_26' title='bbox 1231 435 1405 475; x_wconf 85' lang='lat' dir='ltr'>mutauit</span> <span class='ocrx_word' id='word_1_27' title='bbox 1426 434 1619 479; x_wconf 88' lang='lat' dir='ltr'>amicum,</span> 
     </span>
     <span class='ocr_line' id='line_1_5' title="bbox 555 499 1458 553; baseline -0.007 -10"><span class='ocrx_word' id='word_1_28' title='bbox 555 505 622 550; x_wconf 90' lang='lat' dir='ltr'>Ut,</span> <span class='ocrx_word' id='word_1_29' title='bbox 644 504 901 542; x_wconf 83' lang='lat' dir='ltr'>discessurus</span> <span class='ocrx_word' id='word_1_30' title='bbox 931 515 1064 553; x_wconf 89' lang='lat' dir='ltr'>nuper</span> <span class='ocrx_word' id='word_1_31' title='bbox 1083 501 1152 540; x_wconf 89' lang='lat' dir='ltr'>uix</span> <span class='ocrx_word' id='word_1_32' title='bbox 1174 514 1298 552; x_wconf 87' lang='lat' dir='ltr'>posse</span> <span class='ocrx_word' id='word_1_33' title='bbox 1318 499 1458 538; x_wconf 89' lang='lat' dir='ltr'>reuelli</span> 
     </span>
     <span class='ocr_line' id='line_1_6' title="bbox 553 564 1520 619; baseline -0.005 -12"><span class='ocrx_word' id='word_1_34' title='bbox 553 569 634 619; x_wconf 79' lang='lat' dir='ltr'>Qui</span> <span class='ocrx_word' id='word_1_35' title='bbox 655 568 804 607; x_wconf 87' lang='lat' dir='ltr'>nostris</span> <span class='ocrx_word' id='word_1_36' title='bbox 824 568 937 607; x_wconf 81' lang='lat' dir='ltr'>uisus</span> <span class='ocrx_word' id='word_1_37' title='bbox 958 567 1088 606; x_wconf 87' lang='lat' dir='ltr'>fuerat</span> <span class='ocrx_word' id='word_1_38' title='bbox 1109 565 1381 617; x_wconf 77' lang='lat' dir='ltr'>conplexibus</span> <span class='ocrx_word' id='word_1_39' title='bbox 1402 564 1520 609; x_wconf 89' lang='lat' dir='ltr'>ultro,</span> 
     </span>
     <span class='ocr_line' id='line_1_7' title="bbox 553 627 1614 683; baseline -0.007 -11"><span class='ocrx_word' id='word_1_40' title='bbox 553 633 686 672; x_wconf 91' lang='lat' dir='ltr'>Nullis</span> <span class='ocrx_word' id='word_1_41' title='bbox 707 647 858 683; x_wconf 87' lang='lat' dir='ltr'>nempe</span> <span class='ocrx_word' id='word_1_42' title='bbox 880 630 998 671; x_wconf 88' lang='lat' dir='ltr'>malis</span> <span class='ocrx_word' id='word_1_43' title='bbox 1017 633 1151 670; x_wconf 90' lang='lat' dir='ltr'>laesus</span> <span class='ocrx_word' id='word_1_44' title='bbox 1173 644 1248 670; x_wconf 89' lang='lat' dir='ltr'>nos</span> <span class='ocrx_word' id='word_1_45' title='bbox 1269 638 1438 681; x_wconf 89' lang='lat' dir='ltr'>appetat</span> <span class='ocrx_word' id='word_1_46' title='bbox 1458 627 1614 667; x_wconf 87' lang='lat' dir='ltr'>armis?</span> 
     </span>
     <span class='ocr_line' id='line_1_8' title="bbox 551 693 1549 749; baseline -0.005 -13"><span class='ocrx_word' id='word_1_47' title='bbox 551 698 780 749; x_wconf 80' lang='lat' dir='ltr'>Sperabam</span> <span class='ocrx_word' id='word_1_48' title='bbox 803 697 932 736; x_wconf 87' lang='lat' dir='ltr'>fateor</span> <span class='ocrx_word' id='word_1_49' title='bbox 952 697 1004 735; x_wconf 91' lang='lat' dir='ltr'>de</span> <span class='ocrx_word' id='word_1_50' title='bbox 1025 705 1077 742; x_wconf 89' lang='lat' dir='ltr'>te,</span> <span class='ocrx_word' id='word_1_51' title='bbox 1099 695 1173 735; x_wconf 90' lang='lat' dir='ltr'>sed</span> <span class='ocrx_word' id='word_1_52' title='bbox 1194 695 1374 745; x_wconf 90' lang='lat' dir='ltr'>denique</span> <span class='ocrx_word' id='word_1_53' title='bbox 1395 693 1523 732; x_wconf 82' lang='lat' dir='ltr'>fallor.</span> <span class='ocrx_word' id='word_1_54' title='bbox 1545 728 1549 732; x_wconf 86' lang='lat'>.</span> 
     </span>
     <span class='ocr_line' id='line_1_9' title="bbox 396 759 1547 813; baseline -0.005 -11"><span class='ocrx_word' id='word_1_55' title='bbox 396 776 493 812; x_wconf 84' lang='lat'>1245</span> <span class='ocrx_word' id='word_1_56' title='bbox 553 763 678 813; x_wconf 76' lang='lat' dir='ltr'>Quod</span> <span class='ocrx_word' id='word_1_57' title='bbox 699 762 731 801; x_wconf 86' lang='lat' dir='ltr'>si</span> <span class='ocrx_word' id='word_1_58' title='bbox 753 762 806 800; x_wconf 91' lang='lat' dir='ltr'>de</span> <span class='ocrx_word' id='word_1_59' title='bbox 826 761 948 800; x_wconf 84' lang='lat' dir='ltr'>exilio</span> <span class='ocrx_word' id='word_1_60' title='bbox 969 761 1209 800; x_wconf 82' lang='lat' dir='ltr'>redeuntem</span> <span class='ocrx_word' id='word_1_61' title='bbox 1234 774 1355 798; x_wconf 88' lang='lat' dir='ltr'>nosse</span> <span class='ocrx_word' id='word_1_62' title='bbox 1376 759 1547 804; x_wconf 87' lang='lat' dir='ltr'>ualeres‚</span> 
     </span>
     <span class='ocr_line' id='line_1_10' title="bbox 554 824 1485 879; baseline -0.004 -13"><span class='ocrx_word' id='word_1_63' title='bbox 554 828 648 879; x_wconf 90' lang='lat' dir='ltr'>Ipse</span> <span class='ocrx_word' id='word_1_64' title='bbox 667 827 885 866; x_wconf 88' lang='lat' dir='ltr'>salutatum</span> <span class='ocrx_word' id='word_1_65' title='bbox 909 826 1097 865; x_wconf 81' lang='lat' dir='ltr'>mihimet</span> <span class='ocrx_word' id='word_1_66' title='bbox 1117 839 1216 864; x_wconf 86' lang='lat' dir='ltr'>mox</span> <span class='ocrx_word' id='word_1_67' title='bbox 1237 825 1386 864; x_wconf 89' lang='lat' dir='ltr'>obuius</span> <span class='ocrx_word' id='word_1_68' title='bbox 1407 824 1485 862; x_wconf 91' lang='lat' dir='ltr'>ires</span> 
     </span>
     <span class='ocr_line' id='line_1_11' title="bbox 553 888 1484 940; baseline -0.004 -11"><span class='ocrx_word' id='word_1_69' title='bbox 553 891 603 929; x_wconf 86' lang='lat' dir='ltr'>Et</span> <span class='ocrx_word' id='word_1_70' title='bbox 624 890 718 929; x_wconf 90' lang='lat' dir='ltr'>licet</span> <span class='ocrx_word' id='word_1_71' title='bbox 737 890 909 929; x_wconf 89' lang='lat' dir='ltr'>inuitum</span> <span class='ocrx_word' id='word_1_72' title='bbox 931 889 1099 940; x_wconf 91' lang='lat' dir='ltr'>hospitii</span> <span class='ocrx_word' id='word_1_73' title='bbox 1119 888 1302 939; x_wconf 88' lang='lat' dir='ltr'>requiete</span> <span class='ocrx_word' id='word_1_74' title='bbox 1323 888 1484 926; x_wconf 89' lang='lat' dir='ltr'>foueres</span> 
     </span>
     <span class='ocr_line' id='line_1_12' title="bbox 553 951 1555 1005; baseline -0.004 -12"><span class='ocrx_word' id='word_1_75' title='bbox 553 955 809 1005; x_wconf 88' lang='lat' dir='ltr'>Pacificeque</span> <span class='ocrx_word' id='word_1_76' title='bbox 829 954 869 992; x_wconf 90' lang='lat' dir='ltr'>in</span> <span class='ocrx_word' id='word_1_77' title='bbox 889 967 1018 1005; x_wconf 87' lang='lat' dir='ltr'>regna</span> <span class='ocrx_word' id='word_1_78' title='bbox 1038 953 1163 1004; x_wconf 88' lang='lat' dir='ltr'>patris</span> <span class='ocrx_word' id='word_1_79' title='bbox 1184 952 1393 991; x_wconf 86' lang='lat' dir='ltr'>deducere</span> <span class='ocrx_word' id='word_1_80' title='bbox 1415 951 1555 990; x_wconf 89' lang='lat' dir='ltr'>uelles.</span> 
     </span>
     <span class='ocr_line' id='line_1_13' title="bbox 549 1014 1624 1068; baseline -0.005 -11"><span class='ocrx_word' id='word_1_81' title='bbox 549 1017 840 1068; x_wconf 85' lang='lat' dir='ltr'>Sollicitusque</span> <span class='ocrx_word' id='word_1_82' title='bbox 861 1016 928 1063; x_wconf 83' lang='lat' dir='ltr'>fui,</span> <span class='ocrx_word' id='word_1_83' title='bbox 950 1029 1150 1067; x_wconf 84' lang='lat' dir='ltr'>quorsum</span> <span class='ocrx_word' id='word_1_84' title='bbox 1172 1024 1243 1055; x_wconf 90' lang='lat' dir='ltr'>tua</span> <span class='ocrx_word' id='word_1_85' title='bbox 1264 1029 1435 1053; x_wconf 86' lang='lat' dir='ltr'>munera</span> <span class='ocrx_word' id='word_1_86' title='bbox 1456 1014 1624 1053; x_wconf 87' lang='lat' dir='ltr'>ferrern:</span> 
     </span>
     <span class='ocr_line' id='line_1_14' title="bbox 393 1079 1561 1133; baseline -0.003 -13"><span class='ocrx_word' id='word_1_87' title='bbox 393 1095 493 1132; x_wconf 82' lang='lat'>1250</span> <span class='ocrx_word' id='word_1_88' title='bbox 550 1083 743 1133; x_wconf 84' lang='lat' dir='ltr'>Namque</span> <span class='ocrx_word' id='word_1_89' title='bbox 762 1096 839 1133; x_wconf 91' lang='lat' dir='ltr'>per</span> <span class='ocrx_word' id='word_1_90' title='bbox 857 1082 1019 1132; x_wconf 91' lang='lat' dir='ltr'>ignotas</span> <span class='ocrx_word' id='word_1_91' title='bbox 1041 1081 1125 1120; x_wconf 91' lang='lat' dir='ltr'>dixi</span> <span class='ocrx_word' id='word_1_92' title='bbox 1147 1094 1326 1132; x_wconf 84' lang='lat' dir='ltr'>pergens</span> <span class='ocrx_word' id='word_1_93' title='bbox 1348 1079 1561 1131; x_wconf 81' lang='lat' dir='ltr'>regiones:</span> 
     </span>
     <span class='ocr_line' id='line_1_15' title="bbox 549 1143 1723 1197; baseline -0.004 -11"><span class='ocrx_word' id='word_1_94' title='bbox 549 1151 569 1165; x_wconf 78' lang='lat'><em>“</em></span> <span class='ocrx_word' id='word_1_95' title='bbox 588 1148 842 1186; x_wconf 84' lang='lat' dir='ltr'>Francorum</span> <span class='ocrx_word' id='word_1_96' title='bbox 866 1160 1013 1185; x_wconf 88' lang='lat' dir='ltr'>uereor</span> <span class='ocrx_word' id='word_1_97' title='bbox 1029 1147 1263 1197; x_wconf 83' lang='lat' dir='ltr'>Haganone</span> <span class='ocrx_word' id='word_1_98' title='bbox 1284 1144 1503 1196; x_wconf 85' lang='lat' dir='ltr'>superstite</span> <span class='ocrx_word' id='word_1_99' title='bbox 1525 1143 1723 1182; x_wconf 45' lang='lat' dir='ltr'>nullum?</span> 
     </span>
     <span class='ocr_line' id='line_1_16' title="bbox 602 1209 1587 1263; baseline -0.004 -12"><span class='ocrx_word' id='word_1_100' title='bbox 602 1212 791 1251; x_wconf 91' lang='lat' dir='ltr'>Obsecro</span> <span class='ocrx_word' id='word_1_101' title='bbox 811 1225 886 1263; x_wconf 91' lang='lat' dir='ltr'>per</span> <span class='ocrx_word' id='word_1_102' title='bbox 905 1211 1026 1250; x_wconf 92' lang='lat' dir='ltr'>ludos</span> <span class='ocrx_word' id='word_1_103' title='bbox 1048 1210 1276 1262; x_wconf 87' lang='lat' dir='ltr'>resipiscito</span> <span class='ocrx_word' id='word_1_104' title='bbox 1296 1209 1376 1248; x_wconf 90' lang='lat' dir='ltr'>iam</span> <span class='ocrx_word' id='word_1_105' title='bbox 1398 1209 1587 1261; x_wconf 88' lang='lat' dir='ltr'>pueriles,</span> 
     </span>
     <span class='ocr_line' id='line_1_17' title="bbox 549 1273 1513 1327; baseline -0.003 -12"><span class='ocrx_word' id='word_1_106' title='bbox 549 1277 775 1316; x_wconf 90' lang='lat' dir='ltr'>Unanimes</span> <span class='ocrx_word' id='word_1_107' title='bbox 796 1276 945 1327; x_wconf 89' lang='lat' dir='ltr'>quibus</span> <span class='ocrx_word' id='word_1_108' title='bbox 966 1276 1118 1315; x_wconf 89' lang='lat' dir='ltr'>assueti</span> <span class='ocrx_word' id='word_1_109' title='bbox 1139 1275 1374 1324; x_wconf 86' lang='lat' dir='ltr'>fuimusque</span> <span class='ocrx_word' id='word_1_110' title='bbox 1395 1273 1513 1325; x_wconf 89' lang='lat' dir='ltr'>periti</span> 
     </span>
     <span class='ocr_line' id='line_1_18' title="bbox 548 1339 1524 1392; baseline -0.002 -13"><span class='ocrx_word' id='word_1_111' title='bbox 548 1341 599 1380; x_wconf 84' lang='lat' dir='ltr'>Et</span> <span class='ocrx_word' id='word_1_112' title='bbox 619 1354 796 1392; x_wconf 88' lang='lat' dir='ltr'>quorum</span> <span class='ocrx_word' id='word_1_113' title='bbox 819 1341 930 1380; x_wconf 88' lang='lat' dir='ltr'>cultu</span> <span class='ocrx_word' id='word_1_114' title='bbox 951 1341 1108 1391; x_wconf 91' lang='lat' dir='ltr'>primos</span> <span class='ocrx_word' id='word_1_115' title='bbox 1129 1339 1361 1379; x_wconf 90' lang='lat' dir='ltr'>attriuimus</span> <span class='ocrx_word' id='word_1_116' title='bbox 1382 1352 1524 1378; x_wconf 88' lang='lat' dir='ltr'>annos.</span> 
     </span>
     <span class='ocr_line' id='line_1_19' title="bbox 392 1403 1490 1457; baseline -0.002 -13"><span class='ocrx_word' id='word_1_117' title='bbox 392 1419 488 1456; x_wconf 83' lang='lat'>1255</span> <span class='ocrx_word' id='word_1_118' title='bbox 549 1406 691 1445; x_wconf 84' lang='lat' dir='ltr'>Inclita</span> <span class='ocrx_word' id='word_1_119' title='bbox 713 1418 894 1456; x_wconf 88' lang='lat' dir='ltr'>quonam</span> <span class='ocrx_word' id='word_1_120' title='bbox 916 1405 1110 1457; x_wconf 89' lang='lat' dir='ltr'>migrauit</span> <span class='ocrx_word' id='word_1_121' title='bbox 1130 1404 1351 1444; x_wconf 89' lang='lat' dir='ltr'>concordia</span> <span class='ocrx_word' id='word_1_122' title='bbox 1372 1403 1490 1443; x_wconf 89' lang='lat' dir='ltr'>nobis</span> 
     </span>
     <span class='ocr_line' id='line_1_20' title="bbox 545 1468 1884 1522; baseline -0.003 -12"><span class='ocrx_word' id='word_1_123' title='bbox 545 1471 720 1522; x_wconf 86' lang='lat' dir='ltr'>Semper</span> <span class='ocrx_word' id='word_1_124' title='bbox 741 1473 780 1509; x_wconf 88' lang='lat' dir='ltr'>in</span> <span class='ocrx_word' id='word_1_125' title='bbox 802 1471 921 1510; x_wconf 91' lang='lat' dir='ltr'>hoste</span> <span class='ocrx_word' id='word_1_126' title='bbox 942 1470 1142 1521; x_wconf 88' lang='lat' dir='ltr'>domique</span> <span class='ocrx_word' id='word_1_127' title='bbox 1171 1483 1345 1508; x_wconf 89' lang='lat' dir='ltr'>manens</span> <span class='ocrx_word' id='word_1_128' title='bbox 1367 1483 1442 1508; x_wconf 91' lang='lat' dir='ltr'>nec</span> <span class='ocrx_word' id='word_1_129' title='bbox 1463 1469 1655 1507; x_wconf 89' lang='lat' dir='ltr'>scandala</span> <span class='ocrx_word' id='word_1_130' title='bbox 1677 1468 1884 1507; x_wconf 81' lang='lat' dir='ltr'>noscens?</span> 
     </span>
     <span class='ocr_line' id='line_1_21' title="bbox 547 1534 1441 1588; baseline -0.001 -13"><span class='ocrx_word' id='word_1_131' title='bbox 547 1536 701 1588; x_wconf 76' lang='lat' dir='ltr'>Quppe</span> <span class='ocrx_word' id='word_1_132' title='bbox 721 1536 778 1575; x_wconf 89' lang='lat' dir='ltr'>tui</span> <span class='ocrx_word' id='word_1_133' title='bbox 800 1536 921 1575; x_wconf 88' lang='lat' dir='ltr'>facies</span> <span class='ocrx_word' id='word_1_134' title='bbox 942 1536 1069 1587; x_wconf 88' lang='lat' dir='ltr'>patris</span> <span class='ocrx_word' id='word_1_135' title='bbox 1090 1534 1324 1574; x_wconf 89' lang='lat' dir='ltr'>obliuiscier</span> <span class='ocrx_word' id='word_1_136' title='bbox 1344 1535 1441 1584; x_wconf 87' lang='lat' dir='ltr'>egit,</span> 
     </span>
     <span class='ocr_line' id='line_1_22' title="bbox 546 1597 1471 1650; baseline -0.003 -12"><span class='ocrx_word' id='word_1_137' title='bbox 546 1600 701 1638; x_wconf 89' lang='lat' dir='ltr'>Tecum</span> <span class='ocrx_word' id='word_1_138' title='bbox 724 1599 893 1650; x_wconf 85' lang='lat' dir='ltr'>degenti</span> <span class='ocrx_word' id='word_1_139' title='bbox 914 1599 1013 1638; x_wconf 88' lang='lat' dir='ltr'>mihi</span> <span class='ocrx_word' id='word_1_140' title='bbox 1035 1598 1164 1650; x_wconf 87' lang='lat' dir='ltr'>patria</span> <span class='ocrx_word' id='word_1_141' title='bbox 1185 1597 1303 1637; x_wconf 90' lang='lat' dir='ltr'>uiluit</span> <span class='ocrx_word' id='word_1_142' title='bbox 1322 1598 1471 1649; x_wconf 89' lang='lat' dir='ltr'>ampla.</span> 
     </span>
     <span class='ocr_line' id='line_1_23' title="bbox 546 1662 1739 1715; baseline -0.003 -13"><span class='ocrx_word' id='word_1_143' title='bbox 546 1664 764 1715; x_wconf 88' lang='lat' dir='ltr'>Numquid</span> <span class='ocrx_word' id='word_1_144' title='bbox 785 1672 922 1703; x_wconf 87' lang='lat' dir='ltr'>mente</span> <span class='ocrx_word' id='word_1_145' title='bbox 943 1663 1068 1702; x_wconf 88' lang='lat' dir='ltr'>fidem</span> <span class='ocrx_word' id='word_1_146' title='bbox 1091 1662 1257 1702; x_wconf 87' lang='lat' dir='ltr'>abradis</span> <span class='ocrx_word' id='word_1_147' title='bbox 1278 1662 1520 1714; x_wconf 85' lang='lat' dir='ltr'>saepissime</span> <span class='ocrx_word' id='word_1_148' title='bbox 1541 1670 1703 1713; x_wconf 85' lang='lat' dir='ltr'>pactam</span> <span class='ocrx_word' id='word_1_149' title='bbox 1723 1662 1739 1699; x_wconf 87' lang='lat'>?</span> 
     </span>
     <span class='ocr_line' id='line_1_24' title="bbox 393 1727 1614 1780; baseline -0.001 -14"><span class='ocrx_word' id='word_1_150' title='bbox 393 1731 492 1767; x_wconf 83' lang='lat'>1260</span> <span class='ocrx_word' id='word_1_151' title='bbox 549 1729 765 1780; x_wconf 90' lang='lat' dir='ltr'>Deprecor</span> <span class='ocrx_word' id='word_1_152' title='bbox 785 1729 865 1767; x_wconf 90' lang='lat' dir='ltr'>hoc</span> <span class='ocrx_word' id='word_1_153' title='bbox 884 1728 1054 1767; x_wconf 87' lang='lat' dir='ltr'>abscide</span> <span class='ocrx_word' id='word_1_154' title='bbox 1075 1727 1187 1766; x_wconf 85' lang='lat' dir='ltr'>nefas</span> <span class='ocrx_word' id='word_1_155' title='bbox 1208 1741 1288 1766; x_wconf 91' lang='lat' dir='ltr'>neu</span> <span class='ocrx_word' id='word_1_156' title='bbox 1309 1727 1415 1765; x_wconf 90' lang='lat' dir='ltr'>bella</span> <span class='ocrx_word' id='word_1_157' title='bbox 1435 1727 1614 1765; x_wconf 84' lang='lat' dir='ltr'>lacessas</span> 
     </span>
     <span class='ocr_line' id='line_1_25' title="bbox 548 1791 1632 1844; baseline -0.003 -12"><span class='ocrx_word' id='word_1_158' title='bbox 548 1792 694 1844; x_wconf 83' lang='lat' dir='ltr'>Sitque</span> <span class='ocrx_word' id='word_1_159' title='bbox 715 1793 1004 1832; x_wconf 89' lang='lat' dir='ltr'>inconuulsum</span> <span class='ocrx_word' id='word_1_160' title='bbox 1027 1793 1147 1831; x_wconf 89' lang='lat' dir='ltr'>nobis</span> <span class='ocrx_word' id='word_1_161' title='bbox 1168 1805 1242 1843; x_wconf 90' lang='lat' dir='ltr'>per</span> <span class='ocrx_word' id='word_1_162' title='bbox 1262 1800 1452 1843; x_wconf 89' lang='lat' dir='ltr'>tempora</span> <span class='ocrx_word' id='word_1_163' title='bbox 1473 1791 1632 1830; x_wconf 88' lang='lat' dir='ltr'>foedus.</span> 
     </span>
     <span class='ocr_line' id='line_1_26' title="bbox 550 1854 1527 1906; baseline -0.001 -12"><span class='ocrx_word' id='word_1_164' title='bbox 550 1855 676 1906; x_wconf 77' lang='lat' dir='ltr'>Quod</span> <span class='ocrx_word' id='word_1_165' title='bbox 698 1856 730 1894; x_wconf 87' lang='lat' dir='ltr'>si</span> <span class='ocrx_word' id='word_1_166' title='bbox 752 1855 970 1901; x_wconf 90' lang='lat' dir='ltr'>consentis,</span> <span class='ocrx_word' id='word_1_167' title='bbox 992 1855 1072 1894; x_wconf 91' lang='lat' dir='ltr'>iam</span> <span class='ocrx_word' id='word_1_168' title='bbox 1095 1869 1202 1894; x_wconf 90' lang='lat' dir='ltr'>nunc</span> <span class='ocrx_word' id='word_1_169' title='bbox 1224 1855 1377 1894; x_wconf 84' lang='lat' dir='ltr'>ditatus</span> <span class='ocrx_word' id='word_1_170' title='bbox 1397 1854 1527 1893; x_wconf 84' lang='lat' dir='ltr'>abibis</span> 
     </span>
     <span class='ocr_line' id='line_1_27' title="bbox 547 1917 1583 1970; baseline -0.002 -13"><span class='ocrx_word' id='word_1_171' title='bbox 547 1919 747 1970; x_wconf 84' lang='lat' dir='ltr'>Eulogiis,</span> <span class='ocrx_word' id='word_1_172' title='bbox 770 1919 890 1958; x_wconf 88' lang='lat' dir='ltr'>rutilo</span> <span class='ocrx_word' id='word_1_173' title='bbox 912 1919 1137 1957; x_wconf 86' lang='lat' dir='ltr'>umbonem</span> <span class='ocrx_word' id='word_1_174' title='bbox 1161 1918 1369 1969; x_wconf 88' lang='lat' dir='ltr'>conplebo</span> <span class='ocrx_word' id='word_1_175' title='bbox 1389 1917 1583 1956; x_wconf 61' lang='lat' dir='ltr'>metallo)</span> 
     </span>
     <span class='ocr_line' id='line_1_28' title="bbox 600 1982 1701 2034; baseline -0.002 -12"><span class='ocrx_word' id='word_1_176' title='bbox 600 1983 754 2022; x_wconf 91' lang='lat' dir='ltr'>Contra</span> <span class='ocrx_word' id='word_1_177' title='bbox 774 1996 881 2034; x_wconf 89' lang='lat' dir='ltr'>quae</span> <span class='ocrx_word' id='word_1_178' title='bbox 904 1984 1086 2034; x_wconf 90' lang='lat' dir='ltr'>Hagano</span> <span class='ocrx_word' id='word_1_179' title='bbox 1106 1983 1221 2022; x_wconf 87' lang='lat' dir='ltr'>uultu</span> <span class='ocrx_word' id='word_1_180' title='bbox 1244 1983 1345 2021; x_wconf 90' lang='lat' dir='ltr'>haec</span> <span class='ocrx_word' id='word_1_181' title='bbox 1366 1982 1559 2020; x_wconf 88' lang='lat' dir='ltr'>affamina</span> <span class='ocrx_word' id='word_1_182' title='bbox 1579 1990 1701 2021; x_wconf 92' lang='lat' dir='ltr'>toruo</span> 
     </span>
     <span class='ocr_line' id='line_1_29' title="bbox 385 2048 1519 2099; baseline 0 -13"><span class='ocrx_word' id='word_1_183' title='bbox 385 2061 399 2086; x_wconf 89' lang='lat'>1</span> <span class='ocrx_word' id='word_1_184' title='bbox 414 2050 487 2097; x_wconf 84' lang='lat'>265</span> <span class='ocrx_word' id='word_1_185' title='bbox 548 2048 702 2094; x_wconf 85' lang='lat' dir='ltr'>Edidit,</span> <span class='ocrx_word' id='word_1_186' title='bbox 724 2057 848 2099; x_wconf 91' lang='lat' dir='ltr'>atque</span> <span class='ocrx_word' id='word_1_187' title='bbox 869 2049 969 2087; x_wconf 88' lang='lat' dir='ltr'>iram</span> <span class='ocrx_word' id='word_1_188' title='bbox 991 2048 1049 2087; x_wconf 90' lang='lat' dir='ltr'>sic</span> <span class='ocrx_word' id='word_1_189' title='bbox 1070 2048 1289 2087; x_wconf 88' lang='lat' dir='ltr'>insinuauit</span> <span class='ocrx_word' id='word_1_190' title='bbox 1309 2056 1519 2099; x_wconf 88' lang='lat' dir='ltr'>apertam:</span> 
     </span>
     <span class='ocr_line' id='line_1_30' title="bbox 389 2110 1674 2162; baseline -0.001 -13"><span class='ocrx_word' id='word_1_191' title='bbox 389 2114 516 2149; x_wconf 72' lang='lat' dir='ltr'>1266a</span> <span class='ocrx_word' id='word_1_192' title='bbox 551 2112 579 2160; x_wconf 88' lang='lat'>[‘</span> <span class='ocrx_word' id='word_1_193' title='bbox 599 2111 662 2149; x_wconf 95' lang='lat' dir='ltr'>Ne</span> <span class='ocrx_word' id='word_1_194' title='bbox 683 2125 758 2150; x_wconf 91' lang='lat' dir='ltr'>nos</span> <span class='ocrx_word' id='word_1_195' title='bbox 780 2111 954 2158; x_wconf 86' lang='lat' dir='ltr'>incuses,</span> <span class='ocrx_word' id='word_1_196' title='bbox 977 2111 1076 2150; x_wconf 91' lang='lat' dir='ltr'>mihi</span> <span class='ocrx_word' id='word_1_197' title='bbox 1097 2111 1180 2150; x_wconf 89' lang='lat' dir='ltr'>uim</span> <span class='ocrx_word' id='word_1_198' title='bbox 1203 2111 1299 2162; x_wconf 93' lang='lat' dir='ltr'>quia</span> <span class='ocrx_word' id='word_1_199' title='bbox 1319 2119 1363 2150; x_wconf 88' lang='lat' dir='ltr'>tu</span> <span class='ocrx_word' id='word_1_200' title='bbox 1384 2111 1498 2162; x_wconf 90' lang='lat' dir='ltr'>prior</span> <span class='ocrx_word' id='word_1_201' title='bbox 1517 2110 1674 2158; x_wconf 72' lang='lat' dir='ltr'>infers]</span> 
     </span>
     <span class='ocr_line' id='line_1_31' title="bbox 549 2174 1608 2227; baseline -0.003 -12"><span class='ocrx_word' id='word_1_202' title='bbox 549 2175 643 2215; x_wconf 93' lang='lat' dir='ltr'>Uim</span> <span class='ocrx_word' id='word_1_203' title='bbox 665 2175 778 2227; x_wconf 91' lang='lat' dir='ltr'>prius</span> <span class='ocrx_word' id='word_1_204' title='bbox 799 2190 966 2215; x_wconf 83' lang='lat' dir='ltr'>exerces</span> <span class='ocrx_word' id='word_1_205' title='bbox 985 2175 1190 2215; x_wconf 88' lang='lat' dir='ltr'>Walthari</span> <span class='ocrx_word' id='word_1_206' title='bbox 1210 2184 1388 2227; x_wconf 82' lang='lat' dir='ltr'>postque</span> <span class='ocrx_word' id='word_1_207' title='bbox 1408 2174 1608 2226; x_wconf 86' lang='lat' dir='ltr'>sopharis.</span> 
     </span>
     <span class='ocr_line' id='line_1_32' title="bbox 549 2237 1719 2286; baseline -0.001 -10"><span class='ocrx_word' id='word_1_208' title='bbox 549 2239 654 2277; x_wconf 90' lang='lat' dir='ltr'>Tute</span> <span class='ocrx_word' id='word_1_209' title='bbox 675 2238 800 2277; x_wconf 89' lang='lat' dir='ltr'>fidem</span> <span class='ocrx_word' id='word_1_210' title='bbox 822 2239 1070 2286; x_wconf 87' lang='lat' dir='ltr'>abscideras,</span> <span class='ocrx_word' id='word_1_211' title='bbox 1093 2253 1187 2278; x_wconf 90' lang='lat' dir='ltr'>curn</span> <span class='ocrx_word' id='word_1_212' title='bbox 1210 2247 1365 2277; x_wconf 88' lang='lat' dir='ltr'>memet</span> <span class='ocrx_word' id='word_1_213' title='bbox 1384 2238 1532 2277; x_wconf 89' lang='lat' dir='ltr'>adesse</span> <span class='ocrx_word' id='word_1_214' title='bbox 1554 2237 1719 2276; x_wconf 90' lang='lat' dir='ltr'>uideres</span> 
     </span>
     <span class='ocr_line' id='line_1_33' title="bbox 552 2303 1608 2355; baseline 0 -14"><span class='ocrx_word' id='word_1_215' title='bbox 552 2303 605 2342; x_wconf 81' lang='lat' dir='ltr'>Et</span> <span class='ocrx_word' id='word_1_216' title='bbox 624 2312 685 2342; x_wconf 89' lang='lat' dir='ltr'>tot</span> <span class='ocrx_word' id='word_1_217' title='bbox 704 2303 920 2343; x_wconf 88' lang='lat' dir='ltr'>strauisses</span> <span class='ocrx_word' id='word_1_218' title='bbox 941 2304 1075 2343; x_wconf 88' lang='lat' dir='ltr'>socios</span> <span class='ocrx_word' id='word_1_219' title='bbox 1097 2304 1309 2354; x_wconf 85' lang='lat' dir='ltr'>immoque</span> <span class='ocrx_word' id='word_1_220' title='bbox 1329 2303 1608 2355; x_wconf 86' lang='lat' dir='ltr'>propinquos:</span> 
     </span>
     <span class='ocr_line' id='line_1_34' title="bbox 552 2367 1590 2419; baseline 0.001 -14"><span class='ocrx_word' id='word_1_221' title='bbox 552 2368 762 2406; x_wconf 86' lang='lat' dir='ltr'>Excusare</span> <span class='ocrx_word' id='word_1_222' title='bbox 783 2368 939 2419; x_wconf 90' lang='lat' dir='ltr'>nequis,</span> <span class='ocrx_word' id='word_1_223' title='bbox 962 2368 1062 2419; x_wconf 89' lang='lat' dir='ltr'>quin</span> <span class='ocrx_word' id='word_1_224' title='bbox 1083 2383 1149 2407; x_wconf 89' lang='lat' dir='ltr'>me</span> <span class='ocrx_word' id='word_1_225' title='bbox 1169 2377 1267 2407; x_wconf 89' lang='lat' dir='ltr'>tunc</span> <span class='ocrx_word' id='word_1_226' title='bbox 1287 2367 1414 2407; x_wconf 89' lang='lat' dir='ltr'>affore</span> <span class='ocrx_word' id='word_1_227' title='bbox 1435 2381 1590 2406; x_wconf 87' lang='lat' dir='ltr'>nosses.</span> 
     </span>
     <span class='ocr_line' id='line_1_35' title="bbox 397 2432 1511 2482; baseline 0 -12"><span class='ocrx_word' id='word_1_228' title='bbox 397 2445 497 2482; x_wconf 89' lang='lat'>1270</span> <span class='ocrx_word' id='word_1_229' title='bbox 553 2432 680 2471; x_wconf 91' lang='lat' dir='ltr'>Cuius</span> <span class='ocrx_word' id='word_1_230' title='bbox 701 2433 734 2471; x_wconf 92' lang='lat' dir='ltr'>si</span> <span class='ocrx_word' id='word_1_231' title='bbox 754 2432 876 2471; x_wconf 87' lang='lat' dir='ltr'>facies</span> <span class='ocrx_word' id='word_1_232' title='bbox 897 2433 1024 2480; x_wconf 87' lang='lat' dir='ltr'>latuit,</span> <span class='ocrx_word' id='word_1_233' title='bbox 1046 2441 1185 2472; x_wconf 87' lang='lat' dir='ltr'>tamen</span> <span class='ocrx_word' id='word_1_234' title='bbox 1206 2447 1319 2471; x_wconf 88' lang='lat' dir='ltr'>arma</span> <span class='ocrx_word' id='word_1_235' title='bbox 1339 2432 1511 2471; x_wconf 91' lang='lat' dir='ltr'>uidebas</span> 
     </span>
     <span class='ocr_line' id='line_1_36' title="bbox 553 2495 1548 2546; baseline 0 -12"><span class='ocrx_word' id='word_1_236' title='bbox 553 2496 663 2534; x_wconf 92' lang='lat' dir='ltr'>Nota</span> <span class='ocrx_word' id='word_1_237' title='bbox 682 2495 780 2534; x_wconf 87' lang='lat' dir='ltr'>satis</span> <span class='ocrx_word' id='word_1_238' title='bbox 801 2495 1028 2546; x_wconf 88' lang='lat' dir='ltr'>habituque</span> <span class='ocrx_word' id='word_1_239' title='bbox 1050 2496 1183 2534; x_wconf 91' lang='lat' dir='ltr'>uirum</span> <span class='ocrx_word' id='word_1_240' title='bbox 1206 2495 1356 2534; x_wconf 89' lang='lat' dir='ltr'>rescire</span> <span class='ocrx_word' id='word_1_241' title='bbox 1376 2495 1548 2534; x_wconf 89' lang='lat' dir='ltr'>ualeres.</span> 
     </span>
     <span class='ocr_line' id='line_1_37' title="bbox 553 2559 1616 2607; baseline 0 -9"><span class='ocrx_word' id='word_1_242' title='bbox 553 2560 701 2599; x_wconf 88' lang='lat' dir='ltr'>Cetera</span> <span class='ocrx_word' id='word_1_243' title='bbox 721 2559 803 2599; x_wconf 88' lang='lat' dir='ltr'>sors</span> <span class='ocrx_word' id='word_1_244' title='bbox 824 2560 999 2607; x_wconf 87' lang='lat' dir='ltr'>tulerim,</span> <span class='ocrx_word' id='word_1_245' title='bbox 1022 2560 1053 2599; x_wconf 92' lang='lat' dir='ltr'>si</span> <span class='ocrx_word' id='word_1_246' title='bbox 1076 2561 1142 2599; x_wconf 92' lang='lat' dir='ltr'>uel</span> <span class='ocrx_word' id='word_1_247' title='bbox 1163 2561 1284 2599; x_wconf 91' lang='lat' dir='ltr'>dolor</span> <span class='ocrx_word' id='word_1_248' title='bbox 1303 2573 1410 2599; x_wconf 92' lang='lat' dir='ltr'>unus</span> <span class='ocrx_word' id='word_1_249' title='bbox 1431 2560 1616 2599; x_wconf 83' lang='lat' dir='ltr'>abesset:</span> 
     </span>
     <span class='ocr_line' id='line_1_38' title="bbox 556 2622 1671 2674; baseline 0 -13"><span class='ocrx_word' id='word_1_250' title='bbox 556 2622 687 2662; x_wconf 91' lang='lat' dir='ltr'>Unice</span> <span class='ocrx_word' id='word_1_251' title='bbox 708 2623 816 2661; x_wconf 92' lang='lat' dir='ltr'>enim</span> <span class='ocrx_word' id='word_1_252' title='bbox 838 2637 991 2670; x_wconf 86' lang='lat' dir='ltr'>carum,</span> <span class='ocrx_word' id='word_1_253' title='bbox 1009 2623 1189 2669; x_wconf 77' lang='lat' dir='ltr'>rutilum,</span> <span class='ocrx_word' id='word_1_254' title='bbox 1211 2623 1423 2669; x_wconf 78' lang='lat' dir='ltr'>blandum,</span> <span class='ocrx_word' id='word_1_255' title='bbox 1444 2622 1671 2674; x_wconf 89' lang='lat' dir='ltr'>pretiosum</span> 
     </span>
     <span class='ocr_line' id='line_1_39' title="bbox 554 2687 1497 2739; baseline -0.002 -12"><span class='ocrx_word' id='word_1_256' title='bbox 554 2687 751 2739; x_wconf 86' lang='lat' dir='ltr'>Carpsisti</span> <span class='ocrx_word' id='word_1_257' title='bbox 772 2687 914 2727; x_wconf 88' lang='lat' dir='ltr'>florem</span> <span class='ocrx_word' id='word_1_258' title='bbox 937 2687 1145 2727; x_wconf 89' lang='lat' dir='ltr'>mucronis</span> <span class='ocrx_word' id='word_1_259' title='bbox 1166 2687 1267 2726; x_wconf 89' lang='lat' dir='ltr'>falce</span> <span class='ocrx_word' id='word_1_260' title='bbox 1288 2688 1497 2726; x_wconf 89' lang='lat' dir='ltr'>tenellum.</span> 
     </span>
    </p>
   </div>
   <div class='ocr_carea' id='block_1_3' title="bbox 393 2775 1889 2888">
    <p class='ocr_par' dir='ltr' id='par_1_3' title="bbox 393 2775 1889 2888">
     <span class='ocr_line' id='line_1_40' title="bbox 440 2775 1889 2834; baseline -0.001 -9"><span class='ocrx_word' id='word_1_261' title='bbox 440 2793 521 2834; x_wconf 83' lang='lat'>1238</span> <span class='ocrx_word' id='word_1_262' title='bbox 538 2776 614 2825; x_wconf 89' lang='lat' dir='ltr'>alio</span> <span class='ocrx_word' id='word_1_263' title='bbox 633 2776 805 2832; x_wconf 75' lang='grc' dir='ltr'>Ρ.-Ι242</span> <span class='ocrx_word' id='word_1_264' title='bbox 823 2776 1098 2834; x_wconf 60' lang='lat' dir='ltr'>cdrnplexibtis</span> <span class='ocrx_word' id='word_1_265' title='bbox 1114 2776 1292 2834; x_wconf 19' lang='lat' dir='ltr'>VP.-i-1263</span> <span class='ocrx_word' id='word_1_266' title='bbox 1317 2775 1524 2834; x_wconf 82' lang='lat' dir='ltr'>complebo</span> <span class='ocrx_word' id='word_1_267' title='bbox 1541 2775 1741 2824; x_wconf 19' lang='lat' dir='ltr'>*Px—126&amp;</span> <span class='ocrx_word' id='word_1_268' title='bbox 1762 2776 1889 2825; x_wconf 77' lang='lat' dir='ltr'>omitt—</span> 
     </span>
     <span class='ocr_line' id='line_1_41' title="bbox 393 2847 638 2888; baseline 0.004 -9"><span class='ocrx_word' id='word_1_269' title='bbox 393 2847 440 2880; x_wconf 93' lang='lat' dir='ltr'>ed</span> <span class='ocrx_word' id='word_1_270' title='bbox 460 2847 509 2888; x_wconf 87' lang='lat' dir='ltr'>by</span> <span class='ocrx_word' id='word_1_271' title='bbox 527 2847 565 2880; x_wconf 89' lang='lat' dir='ltr'>S.</span> <span class='ocrx_word' id='word_1_272' title='bbox 588 2847 638 2880; x_wconf 91' lang='lat' dir='ltr'>H.</span> 
     </span>
    </p>
   </div>
  </div>
 </body>
</html>
