1909 3279
383 264 432 300 34
762 247 873 280 WAL
889 246 1042 279 THER
1071 247 1145 280 OF
1163 246 1509 288 AQUITAJNE.

540 360 559 375 “
579 356 830 393 Francorum
848 355 868 370 ”
886 354 1025 400 dicent
1046 354 1286 393 “exercitus
1308 353 1441 393 omnis
1463 353 1514 392 ab
1537 367 1631 399 uno,

545 421 623 459 Pro
645 419 782 471 pudor
802 418 991 470 ignotum
1014 419 1079 457 vel
1101 431 1197 469 quo,
1221 427 1283 458 est
1304 418 1459 469 inpune
1481 426 1651 456 necatus
1672 417 1717 455 !”

595 484 878 524 Cunctabatur
897 483 1034 522 adhuc
1057 484 1267 534 Haganon
1288 490 1328 522 et
1348 491 1517 534 pectore
1537 495 1735 533 sponsam

389 564 490 599 1090
545 548 747 587 waltario
768 548 1014 599 plerumque
1035 548 1158 586 fidem
1183 548 1380 586 uoluebat
1401 556 1440 586 et
1460 547 1595 598 ipsum

544 615 752 652 Euentum
774 620 918 663 gestae
940 612 1148 651 recolebat
1169 613 1208 651 in
1230 612 1374 651 ordine
1391 608 1556 650 causae.

541 677 778 730 Supplicius
799 685 939 716 tamen
959 677 1098 715 infelix
1120 691 1192 715 rex
1214 677 1357 716 institit
1378 676 1444 716 illi.

542 744 670 783 Cuius
691 742 866 781 subnixe
888 742 1101 793 rogitantis
1122 742 1312 781 acumine
1333 751 1470 781 motus

543 807 730 853 Erubuit,
753 806 910 845 domini
932 807 1091 846 uultum
1114 807 1338 858 replicabat
1359 807 1562 846 honorem

387 888 484 924 1095
544 872 717 913 Uirtutis
739 871 931 923 propriae
953 871 1022 922 qui
1044 871 1126 911 fors
1147 871 1363 911 uilesceret
1383 871 1491 918 inde,

541 938 584 977 Si
606 949 872 988 quocumque
894 937 1021 975 modo
1043 936 1083 974 in
1103 937 1227 975 rebus
1248 936 1324 975 sibi
1347 945 1534 987 parceret
1555 936 1652 975 istis.

543 1000 690 1052 Erupit
711 1000 877 1039 tandem
902 1008 941 1038 et
963 1000 1072 1038 clara
1093 999 1150 1038 sic
1172 1013 1276 1038 uoce
1298 999 1514 1051 respondit
1534 1014 1541 1038 :

544 1071 550 1085 ‘
569 1066 664 1116 Quo
686 1079 752 1103 me
774 1065 929 1103 domne
949 1064 1105 1103 uocas?
1136 1076 1220 1114 quo
1241 1072 1280 1103 te
1301 1076 1452 1114 sequar
1473 1064 1608 1103 inclite
1630 1065 1854 1116 princeps?

543 1131 661 1181 Quae
683 1137 893 1180 nequeunt
914 1129 1012 1175 fieri,
1035 1129 1215 1181 spondet
1236 1129 1387 1167 fiducia
1408 1129 1547 1168 cordi:

386 1212 397 1236 1
415 1210 487 1236 loo
545 1195 648 1246 Quis
669 1203 751 1234 tam
774 1193 984 1245 desipiens
1005 1194 1259 1244 quandoque
1280 1193 1404 1232 fuisse
1426 1194 1638 1245 probatur,

543 1260 624 1311 Qui
645 1260 747 1298 saltu
771 1259 979 1298 baratrum
1002 1266 1151 1310 sponte
1172 1258 1426 1310 attemptarit
1447 1259 1665 1309 apertum?

544 1327 649 1364 Nam
673 1324 758 1363 scio
779 1323 1056 1362 Waltharium
1080 1337 1154 1374 per
1175 1337 1346 1375 campos
1367 1323 1425 1362 sic
1446 1324 1532 1362 fore
1553 1324 1762 1369 acerbum,

550 1391 605 1430 Ut
625 1389 694 1428 tali
716 1397 849 1427 castro
871 1402 947 1427 nec
969 1402 1052 1427 non
1073 1388 1248 1427 statione
1269 1388 1425 1427 locatus

544 1456 762 1506 Ingentem
786 1467 962 1492 cuneum
986 1453 1098 1492 uelut
1118 1467 1245 1491 unum
1268 1461 1453 1504 tempnat
1475 1453 1719 1492 homullum.

386 1535 483 1571 1105
543 1520 595 1559 Et
615 1519 710 1557 licet
732 1519 812 1556 huc
834 1525 1004 1556 cunctos
1026 1517 1185 1568 equites
1207 1517 1328 1556 simul
1359 1526 1484 1568 atque
1505 1518 1720 1569 pedestres

547 1583 719 1623 Francia
739 1583 928 1628 misisset,
951 1582 1008 1621 sic
1029 1582 1091 1621 his
1112 1596 1187 1621 ceu
1209 1582 1361 1621 fecerat
1382 1582 1479 1621 istis.

545 1649 630 1688 Sed
652 1648 747 1699 quia
770 1647 981 1698 conspicio
1003 1655 1042 1686 te
1063 1648 1156 1699 plus
1178 1647 1360 1686 doluisse
1380 1648 1543 1698 pudore

545 1714 681 1764 Quam
705 1713 844 1751 caedis
865 1712 1051 1763 dampno
1073 1726 1148 1751 nec
1169 1712 1226 1751 sic
1247 1712 1462 1751 discedere
1484 1712 1602 1758 uelle,

543 1778 771 1829 Conpatior
792 1777 1070 1828 propriusque
1091 1777 1212 1815 dolor
1232 1777 1464 1816 succumbit
1485 1777 1631 1816 honori

388 1860 398 1883 1
415 1859 428 1884 1
442 1858 488 1883 1o
546 1843 699 1894 Regis:
731 1850 771 1881 et
791 1855 886 1880 ecce
908 1841 1017 1880 uiam
1040 1855 1168 1880 conor
1187 1841 1368 1893 reperire
1388 1841 1541 1889 salutis,

544 1908 663 1958 Quae
683 1915 821 1946 tamen
842 1914 913 1945 aut
933 1918 1159 1957 numquam
1181 1906 1373 1945 ostendet
1393 1920 1437 1945 se
1458 1906 1546 1946 siue
1567 1916 1721 1946 coacte.

545 1974 652 2011 Nam
674 1979 844 2023 propter
864 1984 1004 2009 carum
1027 1971 1156 2010 fateor
1176 1971 1247 2010 tibi
1276 1971 1433 2010 domne
1454 1980 1649 2023 nepotem

547 2036 794 2075 Promissam
816 2035 913 2074 fidei
935 2049 1121 2074 normam
1146 2049 1413 2087 corrumpere
1434 2037 1599 2076 nollem.

546 2102 654 2140 Ecce
676 2100 715 2138 in
733 2114 815 2139 non
837 2100 1010 2138 dubium
1033 2114 1109 2151 pro
1129 2108 1169 2139 te
1190 2114 1261 2139 rex
1284 2101 1352 2139 ibo
1373 2101 1587 2152 periclum,

388 2183 401 2207 1
416 2182 429 2207 1
444 2180 487 2217 15
546 2166 624 2205 Ast
645 2165 710 2204 hic
732 2178 797 2203 me
819 2164 982 2215 penitus
1004 2164 1194 2204 conflictu
1217 2165 1366 2204 cedere
1388 2166 1511 2204 noris.

545 2230 800 2270 Secedamus
822 2229 941 2279 eique
962 2229 1098 2267 locum
1122 2238 1379 2280 praestemus
1401 2230 1526 2269 eundi

545 2294 598 2332 Et
619 2292 741 2344 positi
763 2292 802 2330 in
823 2291 1002 2342 speculis
1023 2292 1245 2331 tondamus
1267 2300 1383 2344 prata
1403 2293 1580 2339 caballis,

546 2358 693 2396 Donec
715 2356 795 2394 iam
818 2364 995 2395 castrum
1017 2370 1187 2395 securus
1208 2357 1373 2396 deserat
1392 2366 1526 2396 artum

547 2423 635 2460 Nos
656 2421 805 2459 abiisse
826 2429 951 2459 ratus.
1009 2434 1179 2472 campos
1202 2421 1271 2460 ubi
1293 2422 1422 2461 calcet
1443 2430 1620 2473 apertos,

389 2503 401 2527 1
417 2501 490 2527 120
548 2488 817 2537 Insurgamus
840 2493 879 2524 et
898 2485 1117 2524 attonitum
1141 2494 1236 2536 post
1256 2494 1373 2537 terga
1394 2498 1638 2536 sequamur:

546 2551 614 2590 Sic
634 2550 802 2600 aliquod
824 2549 985 2588 uirtutis
1007 2563 1113 2600 opus
1134 2558 1337 2601 temptare
1359 2551 1558 2590 ualemus.

547 2616 665 2654 Haec
686 2614 785 2652 mihi
807 2614 846 2652 in
867 2613 1028 2665 abiguis
1048 2628 1144 2665 spes
1166 2623 1228 2653 est
1249 2615 1475 2654 certissima
1495 2615 1629 2655 rebus.

545 2681 653 2718 Tum
676 2679 827 2717 bellare
849 2686 979 2730 potes,
1002 2678 1096 2716 belli
1118 2692 1189 2717 rex
1210 2679 1243 2718 si
1265 2679 1336 2718 tibi
1358 2693 1474 2718 mens
1496 2688 1579 2719 est:

547 2743 716 2795 Quippe
736 2742 878 2794 sugam
901 2742 1019 2781 nobis
1041 2755 1266 2793 numquam
1289 2744 1403 2782 dabit
1424 2744 1489 2783 ille
1510 2745 1687 2792 duobus,

432 2820 635 2872 10887Pr07h⁷
654 2819 829 2878 P31o9o
854 2819 1082 2869 Wasthaffriffd
1100 2819 1451 2878 1Ϋῖ’.>7--Ιοῖ94ψὴοηοῑεγ>ἶ
1470 2822 1642 2879 P.—-11—17
1660 2825 1876 2874 cauallivsAP.

383 2904 514 2935 -1119
531 2892 595 2925 ubi
613 2901 771 2933 campos
791 2891 961 2923 P.—1121
982 2890 1127 2933 aliquid
1148 2891 1185 2923 P.
