1909 3279
363 196 412 232 42
747 178 1026 213 WALTHER
1057 178 1131 212 OF
1149 175 1494 218 AQUITAJNE.

366 303 467 339 1390
526 287 810 337 Incolumique
831 299 956 325 manu
977 300 1075 324 mox
1097 285 1246 336 eripuit
1265 284 1543 334 semispatam‚

523 351 617 401 Qua
636 351 828 389 dextrum
851 349 1027 388 cinxisse
1047 349 1152 387 latus
1173 347 1497 386 memorauimus
1518 346 1645 391 illurn,

524 416 622 454 Ilico
643 415 868 453 uindictam
891 413 1056 465 capiens
1078 427 1128 452 ex
1150 413 1269 451 hoste
1290 425 1492 451 seueram.

523 480 630 516 Nam
653 477 800 516 feriens
821 477 1014 515 dextrum
1039 475 1262 527 Haganoni
1284 474 1429 513 effodit
1450 474 1624 512 ocellum

522 544 585 582 Ac
607 542 761 593 timpus
783 555 971 580 resecans
992 541 1227 592 pariterque
1247 539 1395 578 labella
1415 539 1618 577 reuellens

365 621 462 658 1395
522 607 604 647 Olli
625 607 687 645 bis
708 615 846 645 ternos
868 605 1061 644 discussit
1081 605 1133 643 ab
1154 619 1225 643 ore
1246 604 1435 643 molares.

574 671 664 710 Tali
686 670 855 722 negotio
876 670 1122 709 dirimuntur
1142 669 1270 720 prelia
1291 668 1409 708 sacto.

523 735 745 785 Quemque
766 747 886 773 suum
910 733 1059 771 uulnus
1080 741 1203 782 atque
1224 746 1350 782 aeger
1368 731 1572 770 anhelitus
1592 744 1707 769 arma

522 800 679 838 Ponere
701 797 914 850 persuasit.
972 797 1159 848 quisnam
1184 797 1280 835 hinc
1300 795 1478 834 inmunis
1498 795 1640 841 abiret,

524 864 618 915 Qua
639 864 724 902 duo
746 862 997 914 magnanimi
1019 862 1166 900 heroes
1187 869 1270 900 tam
1293 860 1448 899 uiribus
1469 860 1590 910 aequi

366 943 468 979 1400
525 929 661 979 Quam
679 928 840 967 feruore
861 927 985 966 animi
1005 934 1203 966 steterant
1219 926 1259 964 in
1280 925 1450 964 fulmine
1471 925 1595 964 belli?

578 995 801 1043 Postquam
824 992 915 1031 finis
936 992 1064 1037 adest,
1088 991 1263 1042 insignia
1283 1002 1493 1040 quemque
1514 989 1723 1035 notabant,

524 1058 608 1096 Illic
630 1057 850 1097 Guntharii
871 1056 980 1108 regis
1003 1070 1075 1107 pes
1096 1056 1234 1107 palma
1255 1055 1413 1093 iacebat

521 1122 741 1161 Waltharii
763 1135 840 1160 nec
860 1134 943 1159 non
964 1120 1164 1160 tremulus
1188 1119 1434 1170 Haganonis
1457 1119 1623 1158 ocellus.

520 1188 589 1227 Sic
610 1187 667 1226 sic
688 1186 865 1225 armillas
886 1185 1022 1237 partiti
1042 1193 1137 1224 sunt
1158 1198 1390 1223 auarenses.

366 1266 465 1303 1405
577 1251 818 1291 Consedere
839 1250 937 1296 duo,
960 1264 1054 1288 nam
1077 1249 1219 1289 tertius
1241 1249 1307 1287 ille
1328 1248 1497 1294 iacebat,

415 1316 419 1321 ”
520 1316 740 1368 Sanguinis
762 1315 986 1354 undantem
1008 1314 1207 1366 tergentis
1228 1313 1398 1352 floribus
1418 1327 1598 1352 amnem.

522 1381 639 1418 Haec
659 1379 734 1418 iter
753 1378 939 1418 timidam
963 1385 1132 1416 reuocat
1152 1378 1332 1415 clamore
1352 1376 1532 1428 puellam

520 1443 783 1496 Alpharides,
806 1443 977 1482 ueniens
997 1455 1104 1493 quae
1125 1441 1264 1481 saucia
1284 1453 1474 1491 quaeque
1495 1440 1650 1492 ligauit.

576 1508 653 1546 His
674 1507 729 1546 ita
750 1506 976 1557 conpositis
996 1519 1175 1556 sponsus
1196 1503 1407 1556 praecepit
1427 1504 1561 1542 eidem
1579 1518 1586 1542 :

364 1586 465 1622 1410
522 1576 528 1591 ‘
550 1573 636 1610 Iam
660 1571 831 1610 misceto
852 1584 1011 1609 merum
1037 1569 1260 1621 Haganoni
1281 1577 1321 1608 et
1340 1568 1506 1620 porrige
1528 1569 1722 1620 primum,

521 1638 594 1676 Est
614 1636 766 1675 athleta
787 1636 921 1674 bonus
943 1634 1039 1674 fidei
1059 1634 1092 1673 si
1113 1636 1199 1672 iura
1220 1642 1426 1672 reseruet:

519 1702 626 1740 Tum
650 1701 847 1752 praebeto
869 1700 968 1738 mihi
989 1699 1154 1750 reliquis
1175 1699 1245 1748 qui
1267 1699 1359 1750 plus
1380 1698 1565 1744 toleraui,

521 1767 780 1805 Postremum
803 1765 900 1803 uolo
922 1763 1177 1804 Guntharius
1197 1763 1322 1809 bibat,
1345 1770 1490 1814 utpote
1510 1762 1651 1814 segnis

521 1829 632 1867 Inter
652 1827 963 1879 magnanimum
987 1826 1056 1877 qui
1077 1826 1213 1878 paruit
1233 1839 1347 1864 arma
1368 1825 1550 1864 uirorum

364 1907 462 1944 1415
521 1894 574 1932 Et
595 1893 664 1943 qui
686 1892 832 1931 Martis
853 1905 958 1943 opus
978 1891 1117 1943 tepide
1138 1899 1261 1941 atque
1283 1890 1487 1929 eneruiter
1507 1890 1617 1941 egit.'

520 1957 776 2007 Obsequitur
796 1956 952 1995 cunctis
975 1955 1151 1994 Heririci
1172 1955 1252 1993 filia
1272 1954 1422 1993 uerbis.

520 2021 703 2059 Francus
724 2027 766 2058 at
786 2019 927 2058 oblato
946 2018 1041 2058 licet
1060 2032 1179 2057 arens
1200 2026 1370 2069 pectore
1391 2017 1490 2056 uino
1507 2032 1513 2056 :

520 2084 692 2123 ‘Defer'
715 2084 769 2123 ait
790 2087 798 2102 ‘
814 2084 926 2135 prius
948 2082 1167 2134 Alpharidi
1188 2096 1344 2134 sponso
1365 2095 1412 2120 ac
1428 2082 1578 2121 seniori

520 2150 655 2201 Uirgo
675 2156 759 2195 tuo,
781 2148 976 2199 quoniam
999 2148 1139 2194 fateor,
1162 2161 1228 2186 me
1250 2147 1392 2186 sortior
1412 2146 1478 2185 ille
1499 2155 1572 2186 est.

364 2226 465 2262 1420
521 2213 617 2251 Non
637 2212 770 2250 solum
793 2211 892 2250 mihi
913 2211 987 2250 sed
1008 2210 1163 2249 cunctis
1184 2223 1309 2261 super
1329 2209 1484 2248 eminet
1504 2209 1581 2248 ille.

574 2276 655 2315 Hic
675 2276 842 2315 tandem
867 2276 1047 2326 Hagano
1068 2275 1260 2326 spinosus
1282 2282 1322 2314 et
1342 2274 1431 2325 ipse
1452 2274 1687 2324 Aquitanus

520 2341 729 2380 Mentibus
751 2340 888 2379 inuicti
908 2340 1003 2378 licet
1023 2339 1135 2378 omni
1157 2352 1331 2390 corpore
1350 2338 1445 2377 lassi

521 2406 619 2444 Post
639 2405 774 2443 uarios
796 2418 962 2456 pugnae
982 2404 1176 2455 strepitus
1197 2403 1384 2453 ictusque
1405 2403 1642 2442 tremendos

521 2470 632 2509 Inter
653 2470 802 2521 pocula
822 2468 978 2508 scurrili
999 2468 1222 2507 certamine
1242 2467 1403 2506 ludunt.

363 2548 462 2586 1425
521 2535 703 2573 Francus
724 2533 801 2572 ait:
839 2533 941 2571 ‘iam
963 2532 1114 2571 dehinc
1136 2545 1281 2570 ceruos
1301 2530 1475 2582 agitabis
1496 2531 1639 2577 amice,

520 2599 709 2649 Quorum
732 2598 785 2636 de
806 2597 918 2636 corio
939 2597 1082 2636 wantis
1102 2596 1189 2635 sine
1210 2596 1290 2634 fine
1312 2595 1478 2634 fruaris:

518 2664 575 2702 At
596 2662 788 2701 dextrum
812 2675 963 2700 moneo
984 2669 1123 2700 tenera
1143 2660 1338 2711 lanugine
1358 2659 1518 2710 conple,

520 2729 576 2767 Ut
597 2740 744 2766 causae
765 2726 932 2777 ignaros
953 2726 1115 2777 palmae
1133 2725 1210 2764 sub
1232 2724 1412 2775 imagine
1433 2723 1558 2763 fallas.

403 2842 487 2874 1390
517 2813 986 2872 InEJ‘loPrnWiqueij——r396
1015 2812 1162 2871 proelia
1189 2811 1363 2869 P.-ss1398
1387 2811 1576 2860 immunis
1595 2827 1768 2869 P.—1402
1786 2815 1856 2872 pes

358 2886 459 2928 regis
479 2886 517 2919 P.
