1909 3279
358 198 405 233 24

389 432 463 469 705

390 753 466 790 710

390 1075 465 1112 715

390 1399 467 1436 720

392 1720 466 1758 725

394 2042 470 2079 730

396 2364 470 2401 735

397 2686 474 2723 740

734 179 845 213 WAL
861 178 1016 212 THER
1045 177 1118 211 OF
1137 175 1482 217 AQUJTAINE.

518 287 772 339 Temptarim
795 300 866 325 seu
889 285 990 336 quid
1012 284 1155 329 merui,
1177 283 1291 334 quod
1312 283 1407 322 talia
1427 281 1582 333 possim

514 355 612 405 Jure
633 352 730 404 pati,
752 351 910 401 absque
932 363 1048 388 mora
1068 357 1138 387 tua
1159 362 1225 386 me
1245 347 1550 386 transuerberet
1570 346 1699 385 hasta.

522 417 712 456 Necdum
734 428 971 454 sermonem
993 413 1260 458 concluserat,
1284 425 1333 451 en
1357 411 1667 450 Scaramundus

522 481 661 520 Unum
684 479 737 517 de
758 477 862 516 binis
884 476 1029 516 hastile
1050 475 1213 514 retorsit
1234 475 1274 513 in
1295 475 1407 512 illum

521 544 832 594 Confestimque
853 542 977 580 aliud.
1034 554 1211 592 quorum
1234 539 1524 578 celeberrimus
1546 538 1669 577 heros

521 610 662 649 Unum
684 608 852 653 deuitat‚
874 606 1005 657 quatit
1026 619 1077 644 ex
1098 605 1279 643 umbone
1300 603 1542 643 secundum.

521 675 639 713 Tunc
659 672 788 711 aciem
810 671 937 723 gladii
959 683 1157 722 promens
1179 668 1488 708 Scaramundus
1509 667 1616 707 acuti

524 737 685 777 Proruit
706 737 746 775 in
767 736 959 774 iuuenem
981 734 1153 786 cupiens
1175 733 1464 785 praescindere
1485 732 1676 777 frontem,

522 801 762 852 Effrenique
784 801 823 839 in
844 813 953 851 equo
974 799 1145 851 propius
1166 799 1366 837 deuectus
1387 798 1441 836 ad
1462 797 1573 836 illum

523 867 619 905 Non
640 864 767 903 ualuit
787 863 907 914 capiti
930 863 1119 901 libratum
1142 861 1342 899 infindere
1363 861 1524 899 uulnus.

521 931 606 970 Sed
628 929 821 981 capulum
842 928 985 979 galeae
1007 927 1187 978 inpegit:
1220 925 1336 965 dedit
1356 925 1422 964 illa
1443 925 1646 964 resultans

522 996 558 1034 T
561 994 712 1033 innitus
733 993 958 1045 ignemque
978 991 1099 1031 simul
1120 990 1337 1030 transfudit
1356 990 1409 1028 ad
1430 1003 1562 1029 auras.

522 1060 607 1100 Sed
629 1073 711 1098 non
732 1057 1000 1108 cornipedem
1024 1055 1157 1107 potuit
1178 1055 1312 1107 girare
1332 1054 1572 1106 superbum,

523 1126 671 1163 Donec
692 1122 948 1162 Waltharius
969 1121 1046 1160 sub
1069 1129 1253 1159 mentum
1276 1119 1458 1171 cuspidis
1480 1119 1605 1158 ictum

524 1189 690 1228 Fixerat
710 1195 750 1226 et
770 1187 868 1225 sella
888 1185 1183 1224 moribundum
1205 1183 1369 1223 sustulit
1389 1184 1480 1222 alta.

522 1253 604 1305 Qui
625 1261 750 1304 caput
771 1251 925 1290 orantis
946 1249 1116 1302 proprio
1138 1262 1337 1288 mucrone
1359 1248 1546 1287 recidens

523 1318 636 1358 Fecit
657 1324 881 1368 cognatum
900 1315 1055 1367 pariter
1075 1314 1234 1353 fluitare
1255 1327 1457 1352 cruorem.

578 1384 704 1422 Hunc
725 1381 794 1420 ubi
816 1379 1071 1421 Guntharius
1094 1378 1310 1430 conspexit
1330 1378 1445 1417 obire
1460 1378 1678 1429 superbus,

524 1449 725 1487 Hortatur
745 1445 880 1485 socios
902 1458 1087 1496 pugnarn
1111 1457 1311 1482 renouare
1332 1443 1536 1482 furentes:

522 1511 847 1564 ‘Aggrediarnur
868 1523 961 1548 eum
986 1522 1060 1547 nec
1081 1507 1282 1559 respirare
1303 1507 1497 1553 sinamus,

525 1578 674 1616 Donec
694 1575 890 1615 deficiens
911 1574 1104 1612 lassescat
1125 1581 1164 1612 et
1185 1572 1279 1611 inde
1300 1572 1508 1611 reuinctus

523 1642 763 1681 Thesauros
784 1639 932 1678 reddet
952 1639 1037 1676 luet
1057 1645 1097 1676 et
1113 1651 1189 1688 pro
1209 1636 1410 1688 sanguine
1431 1650 1572 1687 penas.

577 1705 738 1745 Tertias
759 1718 810 1743 en
831 1702 1096 1742 Wurhardus
1117 1701 1201 1740 abit
1221 1701 1460 1752 bellumque
1480 1700 1653 1746 lacessit,

525 1770 766 1821 Quamlibet
787 1783 838 1808 ex
859 1769 984 1819 longa
1004 1774 1225 1819 generatus
1246 1766 1374 1817 stirpe
1395 1774 1594 1817 nepotum

524 1837 562 1875 O
584 1835 646 1874 uir
667 1835 775 1873 clare
795 1842 890 1873 tuus
912 1840 1114 1883 cognatus
1136 1840 1176 1870 et
1196 1830 1292 1870 artis
1313 1839 1485 1877 amator,

528 1898 723 1944 Pandare,
746 1896 816 1948 qui
838 1895 1051 1947 quondam
1074 1894 1207 1933 iussus
1229 1893 1482 1932 confundere
1502 1893 1648 1932 foedus

528 1964 573 2002 In
595 1962 755 2001 medios
776 1961 902 2000 telum
924 1959 1076 1999 torsisti
1097 1958 1253 2010 primos
1274 1958 1473 1997 Achiuos.

528 2027 608 2066 Hic
629 2040 828 2078 spernens
850 2026 1009 2063 hastam
1032 2024 1267 2075 pharetram
1289 2022 1471 2074 gestauit
1491 2030 1531 2062 et
1550 2036 1703 2069 arcum,

527 2091 701 2130 Eminus
722 2090 880 2129 emissis
901 2089 1001 2127 haut
1020 2102 1155 2139 aequo
1177 2089 1312 2127 Marte
1332 2087 1493 2138 sagittis

525 2155 801 2195 Waltharium
823 2154 1005 2193 turbans.
1063 2161 1206 2191 contra
1226 2160 1366 2191 tamen
1387 2152 1452 2190 ille
1474 2151 1598 2190 uirilis

526 2220 720 2260 Constitit
741 2232 959 2270 opponens
981 2217 1100 2268 clipei
1117 2216 1396 2268 septemplicis
1417 2217 1574 2262 orbem,

526 2284 700 2336 Saepius
721 2284 893 2322 eludens
915 2282 1126 2321 uenientes
1148 2282 1349 2333 prouidus
1371 2281 1485 2320 ictus.

529 2351 635 2388 Nam
659 2348 787 2387 modo
808 2347 994 2393 dissiluit,
1017 2360 1206 2398 parmam
1229 2346 1358 2385 modo
1379 2345 1516 2396 uergit
1537 2345 1575 2383 in
1597 2354 1781 2384 austrum

527 2414 712 2464 Telaque
733 2411 935 2458 discussit,
959 2411 1114 2449 nullum
1138 2419 1276 2449 tamen
1296 2409 1430 2461 attigit
1450 2409 1575 2448 illum.

530 2479 754 2528 Postquam
779 2475 1030 2515 Pandarides
1052 2489 1095 2513 se
1117 2474 1423 2526 consumpsisse
1443 2475 1613 2524 sagittas

530 2543 741 2581 Incassum
764 2540 889 2586 uidet,
912 2539 1037 2578 iratus
1059 2552 1157 2578 mox
1179 2539 1309 2578 exerit
1329 2551 1469 2577 ensem

530 2608 584 2646 Et
603 2607 772 2645 demum
794 2604 1027 2644 aduolitans
1048 2604 1122 2642 has
1144 2603 1298 2642 iactitat
1319 2617 1389 2642 ore
1409 2603 1618 2654 loquelas:

530 2677 537 2691 ‘
555 2673 592 2711 O
614 2671 647 2710 si
667 2678 864 2709 uentosos
885 2668 1013 2707 lusisti
1035 2668 1180 2707 callide
1202 2668 1344 2714 iactus,

530 2737 687 2775 Forsan
708 2733 904 2773 uibrantis
926 2733 1098 2771 dextrae
1120 2732 1199 2770 iam
1223 2731 1399 2783 percipis
1421 2731 1574 2770 ictum.’

414 2848 477 2880 724
501 2813 656 2881 poenas?
678 2812 718 2870 Pi
735 2836 795 2879 (cf.
816 2846 953 2878 pgnarn
974 2835 1139 2876 B).—725
1158 2809 1419 2868 Elaitirhardus
1442 2808 1590 2876 P.-—731
1611 2810 1714 2866 haud
1732 2810 1772 2867 P.
