<?xml version="1.0" encoding="UTF-8"?>
<!DOCTYPE html PUBLIC "-//W3C//DTD XHTML 1.0 Transitional//EN"
    "http://www.w3.org/TR/xhtml1/DTD/xhtml1-transitional.dtd">
<html xmlns="http://www.w3.org/1999/xhtml" xml:lang="en" lang="en">
 <head>
  <title>
</title>
<meta http-equiv="Content-Type" content="text/html;charset=utf-8" />
  <meta name='ocr-system' content='tesseract 3.04.00' />
  <meta name='ocr-capabilities' content='ocr_page ocr_carea ocr_par ocr_line ocrx_word'/>
</head>
<body>
  <div class='ocr_page' id='page_1' title='image "./sagaofwaltherofa00learrich_0132.png"; bbox 0 0 1909 3279; ppageno 0'>
   <div class='ocr_carea' id='block_1_1' title="bbox 302 177 1438 218">
    <p class='ocr_par' dir='ltr' id='par_1_1' title="bbox 302 177 1438 218">
     <span class='ocr_line' id='line_1_1' title="bbox 302 177 1438 218; baseline -0.007 0"><span class='ocrx_word' id='word_1_1' title='bbox 302 184 372 218; x_wconf 85' lang='lat'>108</span> <span class='ocrx_word' id='word_1_2' title='bbox 691 178 803 212; x_wconf 72' lang='lat' dir='ltr'>WAL</span> <span class='ocrx_word' id='word_1_3' title='bbox 819 177 972 210; x_wconf 72' lang='lat' dir='ltr'><em>THER</em></span> <span class='ocrx_word' id='word_1_4' title='bbox 1001 177 1074 210; x_wconf 85' lang='lat' dir='ltr'>OF</span> <span class='ocrx_word' id='word_1_5' title='bbox 1094 177 1129 209; x_wconf 78' lang='lat' dir='ltr'><em>A</em></span> <span class='ocrx_word' id='word_1_6' title='bbox 1140 177 1438 218; x_wconf 71' lang='lat' dir='ltr'><em>QUJTAJNE.</em></span> 
     </span>
    </p>
   </div>
   <div class='ocr_carea' id='block_1_2' title="bbox 300 284 1808 2654">
    <p class='ocr_par' dir='ltr' id='par_1_2' title="bbox 300 284 1800 1237">
     <span class='ocr_line' id='line_1_2' title="bbox 300 284 1792 337; baseline 0 -13"><span class='ocrx_word' id='word_1_7' title='bbox 300 300 430 337; x_wconf 84' lang='lat' dir='ltr'>prona</span> <span class='ocrx_word' id='word_1_8' title='bbox 473 286 624 325; x_wconf 89' lang='lat' dir='ltr'>cadens</span> <span class='ocrx_word' id='word_1_9' title='bbox 667 286 706 324; x_wconf 93' lang='lat' dir='ltr'>in</span> <span class='ocrx_word' id='word_1_10' title='bbox 749 295 899 325; x_wconf 89' lang='lat' dir='ltr'>terram</span> <span class='ocrx_word' id='word_1_11' title='bbox 945 285 997 323; x_wconf 91' lang='lat' dir='ltr'>de</span> <span class='ocrx_word' id='word_1_12' title='bbox 1032 285 1222 335; x_wconf 87' lang='lat' dir='ltr'>Wyslao,</span> <span class='ocrx_word' id='word_1_13' title='bbox 1267 285 1381 335; x_wconf 88' lang='lat' dir='ltr'>quod</span> <span class='ocrx_word' id='word_1_14' title='bbox 1416 284 1548 335; x_wconf 80' lang='lat' dir='ltr'>ipsam</span> <span class='ocrx_word' id='word_1_15' title='bbox 1592 285 1792 324; x_wconf 87' lang='lat' dir='ltr'>violenter</span> 
     </span>
     <span class='ocr_line' id='line_1_3' title="bbox 301 349 1793 401; baseline 0 -13"><span class='ocrx_word' id='word_1_16' title='bbox 301 359 502 401; x_wconf 88' lang='lat' dir='ltr'>rapuerat,</span> <span class='ocrx_word' id='word_1_17' title='bbox 542 350 856 390; x_wconf 79' lang='lat' dir='ltr'>lamentabiliter</span> <span class='ocrx_word' id='word_1_18' title='bbox 903 349 1165 400; x_wconf 88' lang='lat' dir='ltr'>querulatu1·;</span> <span class='ocrx_word' id='word_1_19' title='bbox 1214 349 1393 388; x_wconf 76' lang='lat' dir='ltr'>suadens</span> <span class='ocrx_word' id='word_1_20' title='bbox 1432 349 1618 388; x_wconf 87' lang='lat' dir='ltr'>Waltero</span> <span class='ocrx_word' id='word_1_21' title='bbox 1658 357 1701 388; x_wconf 92' lang='lat' dir='ltr'>ut</span> <span class='ocrx_word' id='word_1_22' title='bbox 1739 349 1793 388; x_wconf 88' lang='lat' dir='ltr'>ad</span> 
     </span>
     <span class='ocr_line' id='line_1_4' title="bbox 301 413 1789 466; baseline -0.001 -13"><span class='ocrx_word' id='word_1_23' title='bbox 301 415 519 454; x_wconf 74' lang='lat' dir='ltr'>secretiora</span> <span class='ocrx_word' id='word_1_24' title='bbox 540 415 761 454; x_wconf 75' lang='lat' dir='ltr'>habitaculi</span> <span class='ocrx_word' id='word_1_25' title='bbox 792 415 879 466; x_wconf 89' lang='lat' dir='ltr'>ejus</span> <span class='ocrx_word' id='word_1_26' title='bbox 900 414 1106 460; x_wconf 76' lang='lat' dir='ltr'>ascendat,</span> <span class='ocrx_word' id='word_1_27' title='bbox 1129 414 1340 465; x_wconf 80' lang='lat' dir='ltr'>spondens</span> <span class='ocrx_word' id='word_1_28' title='bbox 1362 414 1581 464; x_wconf 81' lang='lat' dir='ltr'>Wyslaum</span> <span class='ocrx_word' id='word_1_29' title='bbox 1606 413 1789 465; x_wconf 88' lang='lat' dir='ltr'>ejusdem</span> 
     </span>
     <span class='ocr_line' id='line_1_5' title="bbox 302 478 1795 530; baseline 0 -13"><span class='ocrx_word' id='word_1_30' title='bbox 302 479 415 518; x_wconf 89' lang='lat' dir='ltr'>nutui</span> <span class='ocrx_word' id='word_1_31' title='bbox 447 479 582 518; x_wconf 92' lang='lat' dir='ltr'>subito</span> <span class='ocrx_word' id='word_1_32' title='bbox 612 479 836 518; x_wconf 88' lang='lat' dir='ltr'>tenendum</span> <span class='ocrx_word' id='word_1_33' title='bbox 868 486 1144 530; x_wconf 84' lang='lat' dir='ltr'>praesentare.</span> <span class='ocrx_word' id='word_1_34' title='bbox 1223 478 1364 517; x_wconf 86' lang='lat' dir='ltr'>Credit</span> <span class='ocrx_word' id='word_1_35' title='bbox 1393 478 1458 516; x_wconf 90' lang='lat' dir='ltr'>ille</span> <span class='ocrx_word' id='word_1_36' title='bbox 1487 478 1723 529; x_wconf 85' lang='lat' dir='ltr'>deceptrici,</span> <span class='ocrx_word' id='word_1_37' title='bbox 1755 486 1795 517; x_wconf 89' lang='lat' dir='ltr'>et</span> 
     </span>
     <span class='ocr_line' id='line_1_6' title="bbox 303 542 1793 594; baseline -0.001 -12"><span class='ocrx_word' id='word_1_38' title='bbox 303 544 528 594; x_wconf 85' lang='lat' dir='ltr'>deceptivis</span> <span class='ocrx_word' id='word_1_39' title='bbox 567 544 827 582; x_wconf 75' lang='lat' dir='ltr'>suasionibus</span> <span class='ocrx_word' id='word_1_40' title='bbox 866 543 1176 593; x_wconf 90' lang='lat' dir='ltr'>circumseptus,</span> <span class='ocrx_word' id='word_1_41' title='bbox 1213 543 1491 581; x_wconf 84' lang='lat' dir='ltr'>habitaculum</span> <span class='ocrx_word' id='word_1_42' title='bbox 1532 543 1695 581; x_wconf 89' lang='lat' dir='ltr'>firmum</span> <span class='ocrx_word' id='word_1_43' title='bbox 1737 542 1793 581; x_wconf 91' lang='lat' dir='ltr'>in-</span> 
     </span>
     <span class='ocr_line' id='line_1_7' title="bbox 302 607 1795 659; baseline -0.001 -13"><span class='ocrx_word' id='word_1_44' title='bbox 302 608 499 658; x_wconf 79' lang='lat' dir='ltr'>greditur,</span> <span class='ocrx_word' id='word_1_45' title='bbox 530 608 570 646; x_wconf 87' lang='lat' dir='ltr'>in</span> <span class='ocrx_word' id='word_1_46' title='bbox 601 622 686 659; x_wconf 91' lang='lat' dir='ltr'>quo</span> <span class='ocrx_word' id='word_1_47' title='bbox 708 608 883 659; x_wconf 88' lang='lat' dir='ltr'>Wyslao</span> <span class='ocrx_word' id='word_1_48' title='bbox 913 621 986 659; x_wconf 89' lang='lat' dir='ltr'>per</span> <span class='ocrx_word' id='word_1_49' title='bbox 1015 607 1290 658; x_wconf 82' lang='lat' dir='ltr'>deceptricem</span> <span class='ocrx_word' id='word_1_50' title='bbox 1323 615 1468 658; x_wconf 88' lang='lat' dir='ltr'>captus</span> <span class='ocrx_word' id='word_1_51' title='bbox 1498 615 1795 658; x_wconf 89' lang='lat' dir='ltr'>praesentatur.</span> 
     </span>
     <span class='ocr_line' id='line_1_8' title="bbox 305 671 1794 723; baseline 0 -13"><span class='ocrx_word' id='word_1_52' title='bbox 305 672 468 711; x_wconf 86' lang='lat' dir='ltr'>Gaudet</span> <span class='ocrx_word' id='word_1_53' title='bbox 498 673 635 723; x_wconf 90' lang='lat' dir='ltr'>itaque</span> <span class='ocrx_word' id='word_1_54' title='bbox 658 673 856 723; x_wconf 89' lang='lat' dir='ltr'>Wyslaus</span> <span class='ocrx_word' id='word_1_55' title='bbox 886 680 925 711; x_wconf 93' lang='lat' dir='ltr'>et</span> <span class='ocrx_word' id='word_1_56' title='bbox 949 672 1186 722; x_wconf 76' lang='lat' dir='ltr'>Helgunda,</span> <span class='ocrx_word' id='word_1_57' title='bbox 1211 671 1366 723; x_wconf 89' lang='lat' dir='ltr'>jocosis</span> <span class='ocrx_word' id='word_1_58' title='bbox 1396 672 1606 722; x_wconf 78' lang='lat' dir='ltr'>plausibus</span> <span class='ocrx_word' id='word_1_59' title='bbox 1626 685 1794 723; x_wconf 82' lang='lat' dir='ltr'>operam</span> 
     </span>
     <span class='ocr_line' id='line_1_9' title="bbox 304 736 1798 788; baseline 0 -14"><span class='ocrx_word' id='word_1_60' title='bbox 304 737 447 775; x_wconf 86' lang='lat' dir='ltr'>dantes</span> <span class='ocrx_word' id='word_1_61' title='bbox 464 737 521 776; x_wconf 89' lang='lat' dir='ltr'>de</span> <span class='ocrx_word' id='word_1_62' title='bbox 542 751 733 776; x_wconf 90' lang='lat' dir='ltr'>successu</span> <span class='ocrx_word' id='word_1_63' title='bbox 764 751 967 788; x_wconf 90' lang='lat' dir='ltr'>prospero</span> <span class='ocrx_word' id='word_1_64' title='bbox 997 737 1164 775; x_wconf 82' lang='lat' dir='ltr'>feliciter</span> <span class='ocrx_word' id='word_1_65' title='bbox 1184 736 1410 787; x_wconf 84' lang='lat' dir='ltr'>triplicato;</span> <span class='ocrx_word' id='word_1_66' title='bbox 1441 737 1582 787; x_wconf 79' lang='lat' dir='ltr'>gaudii</span> <span class='ocrx_word' id='word_1_67' title='bbox 1613 745 1798 776; x_wconf 87' lang='lat' dir='ltr'>extrema</span> 
     </span>
     <span class='ocr_line' id='line_1_10' title="bbox 305 801 1797 853; baseline -0.001 -14"><span class='ocrx_word' id='word_1_68' title='bbox 305 801 471 840; x_wconf 88' lang='lat' dir='ltr'>minime</span> <span class='ocrx_word' id='word_1_69' title='bbox 503 803 822 853; x_wconf 83' lang='lat' dir='ltr'>perpendentes,</span> <span class='ocrx_word' id='word_1_70' title='bbox 856 815 961 852; x_wconf 90' lang='lat' dir='ltr'>quos</span> <span class='ocrx_word' id='word_1_71' title='bbox 993 801 1226 852; x_wconf 89' lang='lat' dir='ltr'>frequenter</span> <span class='ocrx_word' id='word_1_72' title='bbox 1256 801 1389 840; x_wconf 90' lang='lat' dir='ltr'>luctus</span> <span class='ocrx_word' id='word_1_73' title='bbox 1424 801 1566 840; x_wconf 86' lang='lat' dir='ltr'>mortis</span> <span class='ocrx_word' id='word_1_74' title='bbox 1605 801 1797 851; x_wconf 86' lang='lat' dir='ltr'>occupari</span> 
     </span>
     <span class='ocr_line' id='line_1_11' title="bbox 305 865 1797 917; baseline 0.001 -14"><span class='ocrx_word' id='word_1_75' title='bbox 305 866 529 905; x_wconf 85' lang='lat' dir='ltr'>consuevit.</span> <span class='ocrx_word' id='word_1_76' title='bbox 590 867 714 904; x_wconf 89' lang='lat' dir='ltr'>Hunc</span> <span class='ocrx_word' id='word_1_77' title='bbox 735 880 836 917; x_wconf 75' lang='lat' dir='ltr'>ergo</span> <span class='ocrx_word' id='word_1_78' title='bbox 867 879 949 904; x_wconf 90' lang='lat' dir='ltr'>non</span> <span class='ocrx_word' id='word_1_79' title='bbox 970 865 1161 904; x_wconf 88' lang='lat' dir='ltr'>carcerali</span> <span class='ocrx_word' id='word_1_80' title='bbox 1192 866 1379 904; x_wconf 89' lang='lat' dir='ltr'>custodia</span> <span class='ocrx_word' id='word_1_81' title='bbox 1410 865 1538 904; x_wconf 88' lang='lat' dir='ltr'>teneri</span> <span class='ocrx_word' id='word_1_82' title='bbox 1562 866 1700 912; x_wconf 78' lang='lat' dir='ltr'>voluit,</span> <span class='ocrx_word' id='word_1_83' title='bbox 1723 865 1797 904; x_wconf 90' lang='lat' dir='ltr'>sed</span> 
     </span>
     <span class='ocr_line' id='line_1_12' title="bbox 305 928 1798 980; baseline 0 -14"><span class='ocrx_word' id='word_1_84' title='bbox 305 929 396 979; x_wconf 90' lang='lat' dir='ltr'>plus</span> <span class='ocrx_word' id='word_1_85' title='bbox 413 943 536 980; x_wconf 88' lang='lat' dir='ltr'>quam</span> <span class='ocrx_word' id='word_1_86' title='bbox 559 929 731 968; x_wconf 89' lang='lat' dir='ltr'>carceris</span> <span class='ocrx_word' id='word_1_87' title='bbox 747 929 947 980; x_wconf 83' lang='lat' dir='ltr'>squaloris</span> <span class='ocrx_word' id='word_1_88' title='bbox 965 928 1225 979; x_wconf 83' lang='lat' dir='ltr'>coangustari</span> <span class='ocrx_word' id='word_1_89' title='bbox 1242 928 1436 967; x_wconf 76' lang='lat' dir='ltr'>decrevit.</span> <span class='ocrx_word' id='word_1_90' title='bbox 1488 929 1601 967; x_wconf 84' lang='lat' dir='ltr'>Fecit</span> <span class='ocrx_word' id='word_1_91' title='bbox 1618 941 1798 979; x_wconf 80' lang='lat' dir='ltr'>namque</span> 
     </span>
     <span class='ocr_line' id='line_1_13' title="bbox 305 991 1798 1043; baseline 0 -14"><span class='ocrx_word' id='word_1_92' title='bbox 305 992 415 1029; x_wconf 91' lang='lat' dir='ltr'>illum</span> <span class='ocrx_word' id='word_1_93' title='bbox 439 993 489 1030; x_wconf 89' lang='lat' dir='ltr'>ad</span> <span class='ocrx_word' id='word_1_94' title='bbox 513 992 711 1043; x_wconf 85' lang='lat' dir='ltr'>parietem</span> <span class='ocrx_word' id='word_1_95' title='bbox 730 992 939 1030; x_wconf 87' lang='lat' dir='ltr'>coenaculi</span> <span class='ocrx_word' id='word_1_96' title='bbox 956 992 1136 1030; x_wconf 73' lang='lat' dir='ltr'>vinctum</span> <span class='ocrx_word' id='word_1_97' title='bbox 1159 991 1279 1042; x_wconf 84' lang='lat' dir='ltr'>bogis</span> <span class='ocrx_word' id='word_1_98' title='bbox 1301 991 1451 1037; x_wconf 87' lang='lat' dir='ltr'>ferreis,</span> <span class='ocrx_word' id='word_1_99' title='bbox 1470 993 1649 1030; x_wconf 84' lang='lat' dir='ltr'>extensis</span> <span class='ocrx_word' id='word_1_100' title='bbox 1671 992 1798 1029; x_wconf 88' lang='lat' dir='ltr'>mani-</span> 
     </span>
     <span class='ocr_line' id='line_1_14' title="bbox 305 1056 1799 1108; baseline 0.001 -14"><span class='ocrx_word' id='word_1_101' title='bbox 305 1057 391 1101; x_wconf 87' lang='lat' dir='ltr'>bus,</span> <span class='ocrx_word' id='word_1_102' title='bbox 411 1057 516 1095; x_wconf 91' lang='lat' dir='ltr'>collo</span> <span class='ocrx_word' id='word_1_103' title='bbox 538 1065 578 1096; x_wconf 90' lang='lat' dir='ltr'>et</span> <span class='ocrx_word' id='word_1_104' title='bbox 599 1057 775 1108; x_wconf 87' lang='lat' dir='ltr'>pedibus</span> <span class='ocrx_word' id='word_1_105' title='bbox 796 1057 951 1096; x_wconf 89' lang='lat' dir='ltr'>sortiter</span> <span class='ocrx_word' id='word_1_106' title='bbox 972 1065 1165 1102; x_wconf 87' lang='lat' dir='ltr'>erectum,</span> <span class='ocrx_word' id='word_1_107' title='bbox 1183 1056 1351 1107; x_wconf 77' lang='lat' dir='ltr'>alligari.</span> <span class='ocrx_word' id='word_1_108' title='bbox 1403 1057 1449 1094; x_wconf 91' lang='lat' dir='ltr'>In</span> <span class='ocrx_word' id='word_1_109' title='bbox 1471 1070 1555 1107; x_wconf 94' lang='lat' dir='ltr'>quo</span> <span class='ocrx_word' id='word_1_110' title='bbox 1577 1057 1799 1095; x_wconf 89' lang='lat' dir='ltr'>coenaculo</span> 
     </span>
     <span class='ocr_line' id='line_1_15' title="bbox 304 1121 1800 1173; baseline -0.001 -13"><span class='ocrx_word' id='word_1_111' title='bbox 304 1130 474 1160; x_wconf 84' lang='lat' dir='ltr'>stratum</span> <span class='ocrx_word' id='word_1_112' title='bbox 508 1122 583 1160; x_wconf 90' lang='lat' dir='ltr'>sibi</span> <span class='ocrx_word' id='word_1_113' title='bbox 616 1121 750 1173; x_wconf 79' lang='lat' dir='ltr'>parari</span> <span class='ocrx_word' id='word_1_114' title='bbox 776 1122 909 1172; x_wconf 86' lang='lat' dir='ltr'>jussit,</span> <span class='ocrx_word' id='word_1_115' title='bbox 943 1121 1012 1160; x_wconf 88' lang='lat' dir='ltr'>ubi</span> <span class='ocrx_word' id='word_1_116' title='bbox 1044 1121 1201 1160; x_wconf 87' lang='lat' dir='ltr'>aestivo</span> <span class='ocrx_word' id='word_1_117' title='bbox 1232 1130 1421 1172; x_wconf 88' lang='lat' dir='ltr'>tempore</span> <span class='ocrx_word' id='word_1_118' title='bbox 1453 1135 1545 1159; x_wconf 89' lang='lat' dir='ltr'>cum</span> <span class='ocrx_word' id='word_1_119' title='bbox 1572 1122 1800 1172; x_wconf 82' lang='lat' dir='ltr'>Helgunda</span> 
     </span>
     <span class='ocr_line' id='line_1_16' title="bbox 306 1187 1733 1237; baseline 0.001 -13"><span class='ocrx_word' id='word_1_120' title='bbox 306 1187 405 1225; x_wconf 87' lang='lat' dir='ltr'>infra</span> <span class='ocrx_word' id='word_1_121' title='bbox 426 1187 638 1225; x_wconf 81' lang='lat' dir='ltr'>meridiem</span> <span class='ocrx_word' id='word_1_122' title='bbox 662 1187 955 1226; x_wconf 86' lang='lat' dir='ltr'>delectationes</span> <span class='ocrx_word' id='word_1_123' title='bbox 977 1200 1173 1225; x_wconf 87' lang='lat' dir='ltr'>venereas</span> <span class='ocrx_word' id='word_1_124' title='bbox 1194 1194 1432 1225; x_wconf 79' lang='lat' dir='ltr'>exercentes</span> <span class='ocrx_word' id='word_1_125' title='bbox 1454 1187 1733 1237; x_wconf 85' lang='lat' dir='ltr'>quiescebant.</span> 
     </span>
    </p>

    <p class='ocr_par' dir='ltr' id='par_1_3' title="bbox 306 1251 1808 2398">
     <span class='ocr_line' id='line_1_17' title="bbox 362 1251 1797 1302; baseline 0 -13"><span class='ocrx_word' id='word_1_126' title='bbox 362 1251 555 1290; x_wconf 87' lang='lat' dir='ltr'>Habebat</span> <span class='ocrx_word' id='word_1_127' title='bbox 569 1260 582 1282; x_wconf 93' lang='lat'>7</span> <span class='ocrx_word' id='word_1_128' title='bbox 602 1260 738 1290; x_wconf 88' lang='lat' dir='ltr'>autem</span> <span class='ocrx_word' id='word_1_129' title='bbox 752 1252 951 1302; x_wconf 85' lang='lat' dir='ltr'>Wyslaus</span> <span class='ocrx_word' id='word_1_130' title='bbox 972 1252 1180 1302; x_wconf 87' lang='lat' dir='ltr'>quandam</span> <span class='ocrx_word' id='word_1_131' title='bbox 1203 1265 1387 1290; x_wconf 85' lang='lat' dir='ltr'>sororem</span> <span class='ocrx_word' id='word_1_132' title='bbox 1403 1265 1659 1302; x_wconf 82' lang='lat' dir='ltr'>germanam,</span> <span class='ocrx_word' id='word_1_133' title='bbox 1675 1265 1797 1302; x_wconf 89' lang='lat' dir='ltr'>quam</span> 
     </span>
     <span class='ocr_line' id='line_1_18' title="bbox 307 1316 1801 1367; baseline 0 -13"><span class='ocrx_word' id='word_1_134' title='bbox 307 1317 359 1354; x_wconf 89' lang='lat' dir='ltr'>ob</span> <span class='ocrx_word' id='word_1_135' title='bbox 392 1316 759 1367; x_wconf 85' lang='lat' dir='ltr'>despicabilitatem</span> <span class='ocrx_word' id='word_1_136' title='bbox 794 1316 922 1367; x_wconf 89' lang='lat' dir='ltr'>ipsius</span> <span class='ocrx_word' id='word_1_137' title='bbox 955 1330 1079 1355; x_wconf 87' lang='lat' dir='ltr'>nemo</span> <span class='ocrx_word' id='word_1_138' title='bbox 1114 1316 1306 1367; x_wconf 88' lang='lat' dir='ltr'>cupiebat</span> <span class='ocrx_word' id='word_1_139' title='bbox 1338 1316 1378 1354; x_wconf 90' lang='lat' dir='ltr'>in</span> <span class='ocrx_word' id='word_1_140' title='bbox 1412 1330 1599 1355; x_wconf 84' lang='lat' dir='ltr'>uxorem.</span> <span class='ocrx_word' id='word_1_141' title='bbox 1672 1316 1801 1367; x_wconf 90' lang='lat' dir='ltr'>Cujus</span> 
     </span>
     <span class='ocr_line' id='line_1_19' title="bbox 306 1380 1800 1432; baseline -0.001 -12"><span class='ocrx_word' id='word_1_142' title='bbox 306 1381 518 1420; x_wconf 89' lang='lat' dir='ltr'>custodiae</span> <span class='ocrx_word' id='word_1_143' title='bbox 547 1381 748 1431; x_wconf 85' lang='lat' dir='ltr'>Wyslaus</span> <span class='ocrx_word' id='word_1_144' title='bbox 779 1395 877 1432; x_wconf 88' lang='lat' dir='ltr'>prae</span> <span class='ocrx_word' id='word_1_145' title='bbox 908 1380 1079 1419; x_wconf 88' lang='lat' dir='ltr'>caeteris</span> <span class='ocrx_word' id='word_1_146' title='bbox 1110 1380 1351 1419; x_wconf 86' lang='lat' dir='ltr'>custodibus</span> <span class='ocrx_word' id='word_1_147' title='bbox 1376 1380 1551 1419; x_wconf 85' lang='lat' dir='ltr'>Walteri</span> <span class='ocrx_word' id='word_1_148' title='bbox 1583 1381 1674 1432; x_wconf 90' lang='lat' dir='ltr'>plus</span> <span class='ocrx_word' id='word_1_149' title='bbox 1704 1394 1800 1420; x_wconf 85' lang='lat' dir='ltr'>con-</span> 
     </span>
     <span class='ocr_line' id='line_1_20' title="bbox 307 1445 1801 1496; baseline -0.001 -12"><span class='ocrx_word' id='word_1_150' title='bbox 307 1446 472 1485; x_wconf 83' lang='lat' dir='ltr'>fidebat.</span> <span class='ocrx_word' id='word_1_151' title='bbox 533 1447 648 1484; x_wconf 90' lang='lat' dir='ltr'>Haec</span> <span class='ocrx_word' id='word_1_152' title='bbox 671 1446 843 1484; x_wconf 86' lang='lat' dir='ltr'>Walteri</span> <span class='ocrx_word' id='word_1_153' title='bbox 873 1445 1160 1484; x_wconf 86' lang='lat' dir='ltr'>afflictionibus</span> <span class='ocrx_word' id='word_1_154' title='bbox 1182 1445 1352 1483; x_wconf 88' lang='lat' dir='ltr'>nimium</span> <span class='ocrx_word' id='word_1_155' title='bbox 1376 1446 1631 1496; x_wconf 88' lang='lat' dir='ltr'>compatiens</span> <span class='ocrx_word' id='word_1_156' title='bbox 1653 1445 1801 1496; x_wconf 91' lang='lat' dir='ltr'>ipsum,</span> 
     </span>
     <span class='ocr_line' id='line_1_21' title="bbox 307 1510 1800 1561; baseline -0.001 -13"><span class='ocrx_word' id='word_1_157' title='bbox 307 1510 468 1560; x_wconf 88' lang='lat' dir='ltr'>pudore</span> <span class='ocrx_word' id='word_1_158' title='bbox 489 1510 658 1561; x_wconf 84' lang='lat' dir='ltr'>puellari</span> <span class='ocrx_word' id='word_1_159' title='bbox 680 1524 849 1561; x_wconf 89' lang='lat' dir='ltr'>prorsus</span> <span class='ocrx_word' id='word_1_160' title='bbox 869 1519 1043 1556; x_wconf 86' lang='lat' dir='ltr'>semoto,</span> <span class='ocrx_word' id='word_1_161' title='bbox 1065 1524 1088 1548; x_wconf 87' lang='lat' dir='ltr'>a</span> <span class='ocrx_word' id='word_1_162' title='bbox 1110 1510 1298 1548; x_wconf 88' lang='lat' dir='ltr'>Waltero</span> <span class='ocrx_word' id='word_1_163' title='bbox 1320 1518 1594 1561; x_wconf 86' lang='lat' dir='ltr'>percontatur,</span> <span class='ocrx_word' id='word_1_164' title='bbox 1617 1510 1649 1548; x_wconf 86' lang='lat' dir='ltr'>si</span> <span class='ocrx_word' id='word_1_165' title='bbox 1671 1510 1800 1561; x_wconf 87' lang='lat' dir='ltr'>ipsam</span> 
     </span>
     <span class='ocr_line' id='line_1_22' title="bbox 309 1574 1804 1621; baseline -0.001 -8"><span class='ocrx_word' id='word_1_166' title='bbox 309 1575 459 1613; x_wconf 90' lang='lat' dir='ltr'>habere</span> <span class='ocrx_word' id='word_1_167' title='bbox 480 1575 601 1614; x_wconf 87' lang='lat' dir='ltr'>vellet</span> <span class='ocrx_word' id='word_1_168' title='bbox 631 1575 671 1613; x_wconf 91' lang='lat' dir='ltr'>in</span> <span class='ocrx_word' id='word_1_169' title='bbox 693 1588 877 1621; x_wconf 85' lang='lat' dir='ltr'>uxorem,</span> <span class='ocrx_word' id='word_1_170' title='bbox 900 1575 932 1613; x_wconf 89' lang='lat' dir='ltr'>si</span> <span class='ocrx_word' id='word_1_171' title='bbox 953 1589 1051 1613; x_wconf 90' lang='lat' dir='ltr'>suae</span> <span class='ocrx_word' id='word_1_172' title='bbox 1072 1574 1288 1613; x_wconf 90' lang='lat' dir='ltr'>calamitati</span> <span class='ocrx_word' id='word_1_173' title='bbox 1318 1574 1567 1621; x_wconf 84' lang='lat' dir='ltr'>subveniret,</span> <span class='ocrx_word' id='word_1_174' title='bbox 1590 1588 1613 1612; x_wconf 92' lang='lat' dir='ltr'>a</span> <span class='ocrx_word' id='word_1_175' title='bbox 1633 1574 1804 1613; x_wconf 90' lang='lat' dir='ltr'>vinculis</span> 
     </span>
     <span class='ocr_line' id='line_1_23' title="bbox 307 1638 1801 1689; baseline -0.001 -13"><span class='ocrx_word' id='word_1_176' title='bbox 307 1638 549 1676; x_wconf 88' lang='lat' dir='ltr'>liberando?</span> <span class='ocrx_word' id='word_1_177' title='bbox 599 1638 790 1688; x_wconf 85' lang='lat' dir='ltr'>Spondet</span> <span class='ocrx_word' id='word_1_178' title='bbox 827 1638 893 1676; x_wconf 90' lang='lat' dir='ltr'>ille</span> <span class='ocrx_word' id='word_1_179' title='bbox 932 1646 972 1677; x_wconf 93' lang='lat' dir='ltr'>et</span> <span class='ocrx_word' id='word_1_180' title='bbox 1012 1638 1248 1689; x_wconf 84' lang='lat' dir='ltr'>juramento</span> <span class='ocrx_word' id='word_1_181' title='bbox 1287 1638 1513 1684; x_wconf 87' lang='lat' dir='ltr'>confirmat,</span> <span class='ocrx_word' id='word_1_182' title='bbox 1554 1638 1668 1688; x_wconf 90' lang='lat' dir='ltr'>quod</span> <span class='ocrx_word' id='word_1_183' title='bbox 1713 1651 1801 1676; x_wconf 88' lang='lat' dir='ltr'>eam</span> 
     </span>
     <span class='ocr_line' id='line_1_24' title="bbox 309 1702 1802 1753; baseline 0 -13"><span class='ocrx_word' id='word_1_184' title='bbox 309 1702 479 1741; x_wconf 85' lang='lat' dir='ltr'>maritali</span> <span class='ocrx_word' id='word_1_185' title='bbox 500 1702 729 1748; x_wconf 79' lang='lat' dir='ltr'>affectione,</span> <span class='ocrx_word' id='word_1_186' title='bbox 748 1703 888 1753; x_wconf 90' lang='lat' dir='ltr'>quoad</span> <span class='ocrx_word' id='word_1_187' title='bbox 919 1702 1078 1745; x_wconf 78' lang='lat' dir='ltr'>vixerit,</span> <span class='ocrx_word' id='word_1_188' title='bbox 1112 1710 1331 1753; x_wconf 87' lang='lat' dir='ltr'>pertractet</span> <span class='ocrx_word' id='word_1_189' title='bbox 1361 1710 1401 1741; x_wconf 94' lang='lat' dir='ltr'>et</span> <span class='ocrx_word' id='word_1_190' title='bbox 1421 1710 1561 1741; x_wconf 88' lang='lat' dir='ltr'>contra</span> <span class='ocrx_word' id='word_1_191' title='bbox 1582 1702 1802 1752; x_wconf 86' lang='lat' dir='ltr'>Wyslaum</span> 
     </span>
     <span class='ocr_line' id='line_1_25' title="bbox 309 1767 1802 1818; baseline 0 -14"><span class='ocrx_word' id='word_1_192' title='bbox 309 1767 471 1806; x_wconf 87' lang='lat' dir='ltr'>fratrem</span> <span class='ocrx_word' id='word_1_193' title='bbox 513 1767 698 1818; x_wconf 88' lang='lat' dir='ltr'>ejusdem</span> <span class='ocrx_word' id='word_1_194' title='bbox 739 1767 881 1818; x_wconf 82' lang='lat' dir='ltr'>gladio</span> <span class='ocrx_word' id='word_1_195' title='bbox 919 1781 1007 1813; x_wconf 92' lang='lat' dir='ltr'>suo,</span> <span class='ocrx_word' id='word_1_196' title='bbox 1045 1775 1087 1806; x_wconf 89' lang='lat' dir='ltr'>ut</span> <span class='ocrx_word' id='word_1_197' title='bbox 1126 1767 1272 1805; x_wconf 88' lang='lat' dir='ltr'>eadem</span> <span class='ocrx_word' id='word_1_198' title='bbox 1314 1775 1539 1818; x_wconf 87' lang='lat' dir='ltr'>optaverat,</span> <span class='ocrx_word' id='word_1_199' title='bbox 1576 1780 1802 1817; x_wconf 87' lang='lat' dir='ltr'>numquam</span> 
     </span>
     <span class='ocr_line' id='line_1_26' title="bbox 310 1831 1807 1882; baseline 0 -13"><span class='ocrx_word' id='word_1_200' title='bbox 310 1832 530 1871; x_wconf 87' lang='lat' dir='ltr'>dimicabit.</span> <span class='ocrx_word' id='word_1_201' title='bbox 592 1833 878 1882; x_wconf 76' lang='lat' dir='ltr'>Hortatusque</span> <span class='ocrx_word' id='word_1_202' title='bbox 907 1846 1009 1878; x_wconf 88' lang='lat' dir='ltr'>eam,</span> <span class='ocrx_word' id='word_1_203' title='bbox 1034 1840 1077 1870; x_wconf 90' lang='lat' dir='ltr'>ut</span> <span class='ocrx_word' id='word_1_204' title='bbox 1098 1846 1238 1870; x_wconf 89' lang='lat' dir='ltr'>ensem</span> <span class='ocrx_word' id='word_1_205' title='bbox 1270 1846 1388 1870; x_wconf 84' lang='lat' dir='ltr'>suum</span> <span class='ocrx_word' id='word_1_206' title='bbox 1413 1846 1435 1869; x_wconf 89' lang='lat' dir='ltr'>a</span> <span class='ocrx_word' id='word_1_207' title='bbox 1456 1831 1586 1870; x_wconf 89' lang='lat' dir='ltr'>fratris</span> <span class='ocrx_word' id='word_1_208' title='bbox 1617 1831 1807 1870; x_wconf 88' lang='lat' dir='ltr'>cubiculo</span> 
     </span>
     <span class='ocr_line' id='line_1_27' title="bbox 310 1896 1806 1947; baseline 0 -13"><span class='ocrx_word' id='word_1_209' title='bbox 310 1896 532 1943; x_wconf 87' lang='lat' dir='ltr'>subtrahat,</span> <span class='ocrx_word' id='word_1_210' title='bbox 569 1904 608 1935; x_wconf 93' lang='lat' dir='ltr'>et</span> <span class='ocrx_word' id='word_1_211' title='bbox 643 1896 777 1947; x_wconf 90' lang='lat' dir='ltr'>ipsum</span> <span class='ocrx_word' id='word_1_212' title='bbox 813 1904 1018 1947; x_wconf 86' lang='lat' dir='ltr'>apportet,</span> <span class='ocrx_word' id='word_1_213' title='bbox 1056 1905 1099 1935; x_wconf 90' lang='lat' dir='ltr'>ut</span> <span class='ocrx_word' id='word_1_214' title='bbox 1134 1910 1225 1934; x_wconf 85' lang='lat' dir='ltr'>cum</span> <span class='ocrx_word' id='word_1_215' title='bbox 1264 1896 1354 1947; x_wconf 89' lang='lat' dir='ltr'>ipso</span> <span class='ocrx_word' id='word_1_216' title='bbox 1388 1896 1549 1934; x_wconf 84' lang='lat' dir='ltr'>vincula</span> <span class='ocrx_word' id='word_1_217' title='bbox 1583 1896 1806 1947; x_wconf 88' lang='lat' dir='ltr'>dirumpat.</span> 
     </span>
     <span class='ocr_line' id='line_1_28' title="bbox 313 1960 1806 2012; baseline 0.001 -14"><span class='ocrx_word' id='word_1_218' title='bbox 313 1961 429 2011; x_wconf 81' lang='lat' dir='ltr'>Quae</span> <span class='ocrx_word' id='word_1_219' title='bbox 451 1974 561 2006; x_wconf 79' lang='lat' dir='ltr'>mox,</span> <span class='ocrx_word' id='word_1_220' title='bbox 585 1974 681 1999; x_wconf 88' lang='lat' dir='ltr'>ense</span> <span class='ocrx_word' id='word_1_221' title='bbox 711 1969 943 2012; x_wconf 89' lang='lat' dir='ltr'>apportato,</span> <span class='ocrx_word' id='word_1_222' title='bbox 967 1962 1124 1999; x_wconf 87' lang='lat' dir='ltr'>clavem</span> <span class='ocrx_word' id='word_1_223' title='bbox 1157 1961 1373 2012; x_wconf 87' lang='lat' dir='ltr'>cujuslibet</span> <span class='ocrx_word' id='word_1_224' title='bbox 1402 1961 1537 2012; x_wconf 79' lang='lat' dir='ltr'>bogae</span> <span class='ocrx_word' id='word_1_225' title='bbox 1558 1974 1629 1999; x_wconf 89' lang='lat' dir='ltr'>seu</span> <span class='ocrx_word' id='word_1_226' title='bbox 1652 1960 1806 1999; x_wconf 88' lang='lat' dir='ltr'>ferreae</span> 
     </span>
     <span class='ocr_line' id='line_1_29' title="bbox 310 2024 1804 2076; baseline 0 -13"><span class='ocrx_word' id='word_1_227' title='bbox 310 2025 511 2076; x_wconf 74' lang='lat' dir='ltr'>ligaturae</span> <span class='ocrx_word' id='word_1_228' title='bbox 527 2025 567 2063; x_wconf 91' lang='lat' dir='ltr'>in</span> <span class='ocrx_word' id='word_1_229' title='bbox 585 2033 700 2076; x_wconf 90' lang='lat' dir='ltr'>parte</span> <span class='ocrx_word' id='word_1_230' title='bbox 717 2033 913 2071; x_wconf 83' lang='lat' dir='ltr'>extrema,</span> <span class='ocrx_word' id='word_1_231' title='bbox 930 2034 973 2064; x_wconf 92' lang='lat' dir='ltr'>ut</span> <span class='ocrx_word' id='word_1_232' title='bbox 984 2025 1394 2076; x_wconf 88' lang='lat' dir='ltr'>Walterusjusserat‚</span> <span class='ocrx_word' id='word_1_233' title='bbox 1409 2025 1462 2064; x_wconf 92' lang='lat' dir='ltr'>de</span> <span class='ocrx_word' id='word_1_234' title='bbox 1479 2039 1576 2064; x_wconf 90' lang='lat' dir='ltr'>ense</span> <span class='ocrx_word' id='word_1_235' title='bbox 1593 2024 1804 2076; x_wconf 89' lang='lat' dir='ltr'>praecidit,</span> 
     </span>
     <span class='ocr_line' id='line_1_30' title="bbox 313 2089 1806 2141; baseline 0 -13"><span class='ocrx_word' id='word_1_236' title='bbox 313 2103 537 2140; x_wconf 87' lang='lat' dir='ltr'>ensemque</span> <span class='ocrx_word' id='word_1_237' title='bbox 554 2089 658 2128; x_wconf 90' lang='lat' dir='ltr'>inter</span> <span class='ocrx_word' id='word_1_238' title='bbox 676 2090 844 2129; x_wconf 88' lang='lat' dir='ltr'>dorsum</span> <span class='ocrx_word' id='word_1_239' title='bbox 865 2090 1038 2129; x_wconf 87' lang='lat' dir='ltr'>Walteri</span> <span class='ocrx_word' id='word_1_240' title='bbox 1057 2098 1095 2129; x_wconf 91' lang='lat' dir='ltr'>et</span> <span class='ocrx_word' id='word_1_241' title='bbox 1116 2090 1313 2141; x_wconf 85' lang='lat' dir='ltr'>parietem</span> <span class='ocrx_word' id='word_1_242' title='bbox 1336 2090 1531 2141; x_wconf 89' lang='lat' dir='ltr'>reposuit,</span> <span class='ocrx_word' id='word_1_243' title='bbox 1549 2098 1593 2128; x_wconf 94' lang='lat' dir='ltr'>ut</span> <span class='ocrx_word' id='word_1_244' title='bbox 1608 2089 1806 2141; x_wconf 89' lang='lat' dir='ltr'>temporis</span> 
     </span>
     <span class='ocr_line' id='line_1_31' title="bbox 314 2153 1807 2205; baseline 0 -13"><span class='ocrx_word' id='word_1_245' title='bbox 314 2153 622 2205; x_wconf 88' lang='lat' dir='ltr'>opportunitate</span> <span class='ocrx_word' id='word_1_246' title='bbox 652 2162 813 2205; x_wconf 88' lang='lat' dir='ltr'>captata</span> <span class='ocrx_word' id='word_1_247' title='bbox 843 2154 1026 2193; x_wconf 82' lang='lat' dir='ltr'>securius</span> <span class='ocrx_word' id='word_1_248' title='bbox 1057 2155 1187 2205; x_wconf 90' lang='lat' dir='ltr'>possit</span> <span class='ocrx_word' id='word_1_249' title='bbox 1217 2154 1451 2193; x_wconf 86' lang='lat' dir='ltr'>abscedere.</span> <span class='ocrx_word' id='word_1_250' title='bbox 1511 2154 1593 2204; x_wconf 76' lang='lat' dir='ltr'>Qui</span> <span class='ocrx_word' id='word_1_251' title='bbox 1615 2168 1746 2205; x_wconf 90' lang='lat' dir='ltr'>usque</span> <span class='ocrx_word' id='word_1_252' title='bbox 1768 2153 1807 2192; x_wconf 88' lang='lat' dir='ltr'>in</span> 
     </span>
     <span class='ocr_line' id='line_1_32' title="bbox 315 2218 1807 2270; baseline 0 -14"><span class='ocrx_word' id='word_1_253' title='bbox 315 2218 534 2256; x_wconf 84' lang='lat' dir='ltr'>crastinum</span> <span class='ocrx_word' id='word_1_254' title='bbox 557 2218 659 2256; x_wconf 89' lang='lat' dir='ltr'>hora</span> <span class='ocrx_word' id='word_1_255' title='bbox 679 2218 864 2256; x_wconf 88' lang='lat' dir='ltr'>meridiei</span> <span class='ocrx_word' id='word_1_256' title='bbox 887 2227 1160 2270; x_wconf 82' lang='lat' dir='ltr'>exspectatur,</span> <span class='ocrx_word' id='word_1_257' title='bbox 1183 2227 1222 2258; x_wconf 92' lang='lat' dir='ltr'>et</span> <span class='ocrx_word' id='word_1_258' title='bbox 1243 2219 1442 2269; x_wconf 89' lang='lat' dir='ltr'>Wyslaus</span> <span class='ocrx_word' id='word_1_259' title='bbox 1464 2232 1556 2256; x_wconf 90' lang='lat' dir='ltr'>cum</span> <span class='ocrx_word' id='word_1_260' title='bbox 1582 2218 1807 2269; x_wconf 86' lang='lat' dir='ltr'>Helgunda</span> 
     </span>
     <span class='ocr_line' id='line_1_33' title="bbox 309 2282 1808 2333; baseline 0.001 -13"><span class='ocrx_word' id='word_1_261' title='bbox 309 2282 462 2332; x_wconf 91' lang='lat' dir='ltr'>jocosis</span> <span class='ocrx_word' id='word_1_262' title='bbox 491 2283 751 2333; x_wconf 85' lang='lat' dir='ltr'>amplexibus</span> <span class='ocrx_word' id='word_1_263' title='bbox 782 2283 821 2320; x_wconf 89' lang='lat' dir='ltr'>in</span> <span class='ocrx_word' id='word_1_264' title='bbox 850 2283 955 2322; x_wconf 93' lang='lat' dir='ltr'>lecto</span> <span class='ocrx_word' id='word_1_265' title='bbox 983 2283 1193 2322; x_wconf 86' lang='lat' dir='ltr'>coenaculi</span> <span class='ocrx_word' id='word_1_266' title='bbox 1223 2283 1322 2321; x_wconf 86' lang='lat' dir='ltr'>dum</span> <span class='ocrx_word' id='word_1_267' title='bbox 1355 2291 1577 2328; x_wconf 87' lang='lat' dir='ltr'>uterentur,</span> <span class='ocrx_word' id='word_1_268' title='bbox 1599 2283 1808 2322; x_wconf 83' lang='lat' dir='ltr'>Walterus</span> 
     </span>
     <span class='ocr_line' id='line_1_34' title="bbox 315 2347 1169 2398; baseline 0.002 -14"><span class='ocrx_word' id='word_1_269' title='bbox 315 2355 456 2385; x_wconf 87' lang='lat' dir='ltr'>contra</span> <span class='ocrx_word' id='word_1_270' title='bbox 478 2360 635 2385; x_wconf 69' lang='lat' dir='ltr'>morem</span> <span class='ocrx_word' id='word_1_271' title='bbox 659 2360 730 2385; x_wconf 91' lang='lat' dir='ltr'>eos</span> <span class='ocrx_word' id='word_1_272' title='bbox 750 2347 984 2398; x_wconf 88' lang='lat' dir='ltr'>alloquitur,</span> <span class='ocrx_word' id='word_1_273' title='bbox 1007 2348 1169 2393; x_wconf 89' lang='lat' dir='ltr'>dicens:</span> 
     </span>
    </p>

    <p class='ocr_par' dir='ltr' id='par_1_4' title="bbox 314 2411 1808 2654">
     <span class='ocr_line' id='line_1_35' title="bbox 370 2411 1807 2463; baseline 0.001 -14"><span class='ocrx_word' id='word_1_274' title='bbox 370 2418 376 2430; x_wconf 74' lang='lat'>⁴</span> <span class='ocrx_word' id='word_1_275' title='bbox 395 2411 633 2462; x_wconf 77' lang='lat' dir='ltr'>Qualiterne</span> <span class='ocrx_word' id='word_1_276' title='bbox 647 2412 661 2435; x_wconf 75' lang='lat'>8</span> <span class='ocrx_word' id='word_1_277' title='bbox 681 2411 798 2450; x_wconf 86' lang='lat' dir='ltr'>vobis</span> <span class='ocrx_word' id='word_1_278' title='bbox 820 2412 1027 2451; x_wconf 84' lang='lat' dir='ltr'>videretur</span> <span class='ocrx_word' id='word_1_279' title='bbox 1048 2426 1149 2458; x_wconf 85' lang='lat' dir='ltr'>esse,</span> <span class='ocrx_word' id='word_1_280' title='bbox 1177 2412 1209 2451; x_wconf 88' lang='lat' dir='ltr'>si</span> <span class='ocrx_word' id='word_1_281' title='bbox 1231 2426 1311 2463; x_wconf 81' lang='lat' dir='ltr'>ego</span> <span class='ocrx_word' id='word_1_282' title='bbox 1327 2412 1485 2451; x_wconf 92' lang='lat' dir='ltr'>solutus</span> <span class='ocrx_word' id='word_1_283' title='bbox 1506 2426 1529 2449; x_wconf 88' lang='lat' dir='ltr'>a</span> <span class='ocrx_word' id='word_1_284' title='bbox 1545 2411 1716 2450; x_wconf 75' lang='lat' dir='ltr'>vinculis</span> <span class='ocrx_word' id='word_1_285' title='bbox 1738 2425 1807 2450; x_wconf 88' lang='lat' dir='ltr'>en-</span> 
     </span>
     <span class='ocr_line' id='line_1_36' title="bbox 314 2474 1805 2526; baseline 0 -14"><span class='ocrx_word' id='word_1_286' title='bbox 314 2488 400 2513; x_wconf 86' lang='lat' dir='ltr'>sem</span> <span class='ocrx_word' id='word_1_287' title='bbox 418 2488 554 2512; x_wconf 88' lang='lat' dir='ltr'>meum</span> <span class='ocrx_word' id='word_1_288' title='bbox 572 2474 811 2512; x_wconf 86' lang='lat' dir='ltr'>stridentem</span> <span class='ocrx_word' id='word_1_289' title='bbox 830 2474 869 2512; x_wconf 89' lang='lat' dir='ltr'>in</span> <span class='ocrx_word' id='word_1_290' title='bbox 893 2475 1079 2513; x_wconf 88' lang='lat' dir='ltr'>manibus</span> <span class='ocrx_word' id='word_1_291' title='bbox 1099 2483 1278 2526; x_wconf 77' lang='lat' dir='ltr'>gestans,</span> <span class='ocrx_word' id='word_1_292' title='bbox 1300 2483 1394 2513; x_wconf 87' lang='lat' dir='ltr'>ante</span> <span class='ocrx_word' id='word_1_293' title='bbox 1415 2475 1607 2513; x_wconf 90' lang='lat' dir='ltr'>lectulum</span> <span class='ocrx_word' id='word_1_294' title='bbox 1624 2482 1805 2513; x_wconf 88' lang='lat' dir='ltr'>vestrum</span> 
     </span>
     <span class='ocr_line' id='line_1_37' title="bbox 316 2538 1808 2590; baseline 0.001 -14"><span class='ocrx_word' id='word_1_295' title='bbox 316 2538 575 2589; x_wconf 77' lang='lat' dir='ltr'>conspiceres</span> <span class='ocrx_word' id='word_1_296' title='bbox 591 2538 811 2577; x_wconf 84' lang='lat' dir='ltr'>vindictam</span> <span class='ocrx_word' id='word_1_297' title='bbox 844 2539 897 2577; x_wconf 89' lang='lat' dir='ltr'>de</span> <span class='ocrx_word' id='word_1_298' title='bbox 918 2539 1147 2577; x_wconf 88' lang='lat' dir='ltr'>commissis</span> <span class='ocrx_word' id='word_1_299' title='bbox 1169 2539 1315 2578; x_wconf 87' lang='lat' dir='ltr'>inferre</span> <span class='ocrx_word' id='word_1_300' title='bbox 1337 2539 1558 2578; x_wconf 78' lang='lat' dir='ltr'>minando.’</span> <span class='ocrx_word' id='word_1_301' title='bbox 1606 2539 1675 2577; x_wconf 84' lang='lat' dir='ltr'>Ad</span> <span class='ocrx_word' id='word_1_302' title='bbox 1692 2539 1808 2590; x_wconf 84' lang='lat' dir='ltr'>cujus</span> 
     </span>
     <span class='ocr_line' id='line_1_38' title="bbox 316 2602 1807 2654; baseline 0 -13"><span class='ocrx_word' id='word_1_303' title='bbox 316 2603 470 2642; x_wconf 89' lang='lat' dir='ltr'>dictum</span> <span class='ocrx_word' id='word_1_304' title='bbox 496 2602 748 2653; x_wconf 71' lang='lat' dir='ltr'>Helgundae</span> <span class='ocrx_word' id='word_1_305' title='bbox 778 2616 848 2641; x_wconf 87' lang='lat' dir='ltr'>cor</span> <span class='ocrx_word' id='word_1_306' title='bbox 870 2603 1092 2649; x_wconf 86' lang='lat' dir='ltr'>contabuit,</span> <span class='ocrx_word' id='word_1_307' title='bbox 1115 2611 1154 2643; x_wconf 87' lang='lat' dir='ltr'>et</span> <span class='ocrx_word' id='word_1_308' title='bbox 1184 2603 1456 2643; x_wconf 86' lang='lat' dir='ltr'>tremebunda</span> <span class='ocrx_word' id='word_1_309' title='bbox 1477 2603 1653 2654; x_wconf 88' lang='lat' dir='ltr'>Wyslao</span> <span class='ocrx_word' id='word_1_310' title='bbox 1680 2603 1807 2642; x_wconf 87' lang='lat' dir='ltr'>dixit:</span> 
     </span>
    </p>
   </div>
   <div class='ocr_carea' id='block_1_3' title="bbox 316 2705 1809 2848">
    <p class='ocr_par' dir='ltr' id='par_1_5' title="bbox 316 2705 1809 2848">
     <span class='ocr_line' id='line_1_39' title="bbox 360 2705 1807 2747; baseline 0.001 -9"><span class='ocrx_word' id='word_1_311' title='bbox 360 2716 377 2747; x_wconf 90' lang='lat'>7</span> <span class='ocrx_word' id='word_1_312' title='bbox 404 2706 426 2738; x_wconf 91' lang='lat' dir='ltr'>ii</span> <span class='ocrx_word' id='word_1_313' title='bbox 446 2706 514 2738; x_wconf 82' lang='lat' dir='ltr'>has</span> <span class='ocrx_word' id='word_1_314' title='bbox 532 2706 596 2738; x_wconf 88' lang='lat' dir='ltr'>the</span> <span class='ocrx_word' id='word_1_315' title='bbox 616 2705 1042 2747; x_wconf 73' lang='lat' dir='ltr'>heading—Quomodo</span> <span class='ocrx_word' id='word_1_316' title='bbox 1062 2707 1240 2739; x_wconf 82' lang='lat' dir='ltr'>Valterus</span> <span class='ocrx_word' id='word_1_317' title='bbox 1268 2717 1289 2739; x_wconf 89' lang='lat' dir='ltr'>a</span> <span class='ocrx_word' id='word_1_318' title='bbox 1317 2706 1539 2747; x_wconf 80' lang='lat' dir='ltr'>captivitate</span> <span class='ocrx_word' id='word_1_319' title='bbox 1566 2706 1646 2739; x_wconf 85' lang='lat' dir='ltr'>sive</span> <span class='ocrx_word' id='word_1_320' title='bbox 1673 2705 1807 2739; x_wconf 86' lang='lat' dir='ltr'>viculis</span> 
     </span>
     <span class='ocr_line' id='line_1_40' title="bbox 316 2759 1809 2802; baseline 0.001 -10"><span class='ocrx_word' id='word_1_321' title='bbox 316 2760 580 2793; x_wconf 82' lang='lat' dir='ltr'>liberatur.—8</span> <span class='ocrx_word' id='word_1_322' title='bbox 619 2760 642 2792; x_wconf 88' lang='lat' dir='ltr'>ii</span> <span class='ocrx_word' id='word_1_323' title='bbox 673 2759 1097 2801; x_wconf 70' lang='lat' dir='ltr'>heading—Quomodo</span> <span class='ocrx_word' id='word_1_324' title='bbox 1131 2761 1311 2794; x_wconf 77' lang='lat' dir='ltr'>Valterus</span> <span class='ocrx_word' id='word_1_325' title='bbox 1340 2760 1591 2802; x_wconf 85' lang='lat' dir='ltr'>Helgundam</span> <span class='ocrx_word' id='word_1_326' title='bbox 1620 2771 1705 2794; x_wconf 87' lang='lat' dir='ltr'>cum</span> <span class='ocrx_word' id='word_1_327' title='bbox 1738 2770 1809 2793; x_wconf 90' lang='lat' dir='ltr'>suo</span> 
     </span>
     <span class='ocr_line' id='line_1_41' title="bbox 318 2815 613 2848; baseline 0.003 -1"><span class='ocrx_word' id='word_1_328' title='bbox 318 2815 444 2848; x_wconf 79' lang='lat' dir='ltr'>amaio</span> <span class='ocrx_word' id='word_1_329' title='bbox 463 2815 613 2848; x_wconf 88' lang='lat' dir='ltr'>cecidit.</span> 
     </span>
    </p>
   </div>
   <div class='ocr_carea' id='block_1_4' title="bbox 1892 0 1909 922">
    <p class='ocr_par' dir='ltr' id='par_1_6' title="bbox 1892 0 1909 922">
     <span class='ocr_line' id='line_1_42' title="bbox 1892 0 1909 922; baseline 0 0"><span class='ocrx_word' id='word_1_330' title='bbox 1892 0 1909 922; x_wconf 95' lang='lat' dir='ltr'> </span> 
     </span>
    </p>
   </div>
  </div>
 </body>
</html>
