<?xml version="1.0" encoding="UTF-8"?>
<!DOCTYPE html PUBLIC "-//W3C//DTD XHTML 1.0 Transitional//EN"
    "http://www.w3.org/TR/xhtml1/DTD/xhtml1-transitional.dtd">
<html xmlns="http://www.w3.org/1999/xhtml" xml:lang="en" lang="en">
 <head>
  <title>
</title>
<meta http-equiv="Content-Type" content="text/html;charset=utf-8" />
  <meta name='ocr-system' content='tesseract 3.04.00' />
  <meta name='ocr-capabilities' content='ocr_page ocr_carea ocr_par ocr_line ocrx_word'/>
</head>
<body>
  <div class='ocr_page' id='page_1' title='image "./sagaofwaltherofa00learrich_0074.png"; bbox 0 0 1909 3279; ppageno 0'>
   <div class='ocr_carea' id='block_1_1' title="bbox 264 165 1386 220">
    <p class='ocr_par' dir='ltr' id='par_1_1' title="bbox 264 165 1386 220">
     <span class='ocr_line' id='line_1_1' title="bbox 264 165 1386 220; baseline -0.002 -19"><span class='ocrx_word' id='word_1_1' title='bbox 264 173 313 220; x_wconf 79' lang='lat'>58</span> <span class='ocrx_word' id='word_1_2' title='bbox 641 167 753 200; x_wconf 80' lang='lat' dir='ltr'>WAL</span> <span class='ocrx_word' id='word_1_3' title='bbox 768 166 922 199; x_wconf 74' lang='lat' dir='ltr'><em>THER</em></span> <span class='ocrx_word' id='word_1_4' title='bbox 950 166 1023 200; x_wconf 92' lang='lat' dir='ltr'>OF</span> <span class='ocrx_word' id='word_1_5' title='bbox 1041 165 1386 207; x_wconf 78' lang='lat' dir='ltr'><em>AQUJTAJNE.</em></span> 
     </span>
    </p>
   </div>
   <div class='ocr_carea' id='block_1_2' title="bbox 258 273 1758 576">
    <p class='ocr_par' dir='ltr' id='par_1_2' title="bbox 258 273 1758 576">
     <span class='ocr_line' id='line_1_2' title="bbox 258 273 1751 324; baseline -0.001 -10"><span class='ocrx_word' id='word_1_6' title='bbox 258 276 366 322; x_wconf 73' lang='lat' dir='ltr'>visis,</span> <span class='ocrx_word' id='word_1_7' title='bbox 388 275 572 314; x_wconf 89' lang='lat' dir='ltr'>ascendit</span> <span class='ocrx_word' id='word_1_8' title='bbox 591 288 690 313; x_wconf 86' lang='lat' dir='ltr'>mox</span> <span class='ocrx_word' id='word_1_9' title='bbox 711 287 804 312; x_wconf 86' lang='lat' dir='ltr'>cum</span> <span class='ocrx_word' id='word_1_10' title='bbox 826 274 1064 320; x_wconf 89' lang='lat' dir='ltr'>calcaribus,</span> <span class='ocrx_word' id='word_1_11' title='bbox 1086 287 1209 312; x_wconf 89' lang='lat' dir='ltr'>causa</span> <span class='ocrx_word' id='word_1_12' title='bbox 1236 273 1502 324; x_wconf 89' lang='lat' dir='ltr'>probationis,</span> <span class='ocrx_word' id='word_1_13' title='bbox 1525 287 1650 323; x_wconf 89' lang='lat' dir='ltr'>supra</span> <span class='ocrx_word' id='word_1_14' title='bbox 1670 273 1751 313; x_wconf 92' lang='lat' dir='ltr'>sin-</span> 
     </span>
     <span class='ocr_line' id='line_1_3' title="bbox 261 337 1758 391; baseline -0.001 -13"><span class='ocrx_word' id='word_1_15' title='bbox 261 340 454 391; x_wconf 80' lang='lat' dir='ltr'>gulorum</span> <span class='ocrx_word' id='word_1_16' title='bbox 490 339 637 384; x_wconf 89' lang='lat' dir='ltr'>dorsa;</span> <span class='ocrx_word' id='word_1_17' title='bbox 673 351 853 389; x_wconf 87' lang='lat' dir='ltr'>cumque</span> <span class='ocrx_word' id='word_1_18' title='bbox 887 338 1167 389; x_wconf 82' lang='lat' dir='ltr'>promovisset</span> <span class='ocrx_word' id='word_1_19' title='bbox 1195 337 1365 389; x_wconf 87' lang='lat' dir='ltr'>primos,</span> <span class='ocrx_word' id='word_1_20' title='bbox 1397 345 1437 377; x_wconf 90' lang='lat' dir='ltr'>et</span> <span class='ocrx_word' id='word_1_21' title='bbox 1465 338 1684 385; x_wconf 88' lang='lat' dir='ltr'>secundos,</span> <span class='ocrx_word' id='word_1_22' title='bbox 1718 346 1758 377; x_wconf 93' lang='lat' dir='ltr'>et</span> 
     </span>
     <span class='ocr_line' id='line_1_4' title="bbox 262 402 1754 455; baseline 0 -13"><span class='ocrx_word' id='word_1_23' title='bbox 262 404 338 443; x_wconf 82' lang='lat' dir='ltr'>sibi</span> <span class='ocrx_word' id='word_1_24' title='bbox 368 403 695 455; x_wconf 87' lang='lat' dir='ltr'>displicuissent;</span> <span class='ocrx_word' id='word_1_25' title='bbox 728 402 889 441; x_wconf 78' lang='lat' dir='ltr'>rennuit</span> <span class='ocrx_word' id='word_1_26' title='bbox 919 416 990 441; x_wconf 92' lang='lat' dir='ltr'>eos</span> <span class='ocrx_word' id='word_1_27' title='bbox 1020 403 1231 453; x_wconf 79' lang='lat' dir='ltr'>extemplo</span> <span class='ocrx_word' id='word_1_28' title='bbox 1263 415 1430 441; x_wconf 89' lang='lat' dir='ltr'>narrans</span> <span class='ocrx_word' id='word_1_29' title='bbox 1459 402 1623 441; x_wconf 89' lang='lat' dir='ltr'>illorum</span> <span class='ocrx_word' id='word_1_30' title='bbox 1644 402 1754 442; x_wconf 90' lang='lat' dir='ltr'>vitia.</span> 
     </span>
     <span class='ocr_line' id='line_1_5' title="bbox 263 467 1754 518; baseline -0.001 -11"><span class='ocrx_word' id='word_1_31' title='bbox 263 469 334 507; x_wconf 90' lang='lat' dir='ltr'>Ille</span> <span class='ocrx_word' id='word_1_32' title='bbox 355 482 454 507; x_wconf 85' lang='lat' dir='ltr'>vero</span> <span class='ocrx_word' id='word_1_33' title='bbox 474 467 695 506; x_wconf 90' lang='lat' dir='ltr'>recordans</span> <span class='ocrx_word' id='word_1_34' title='bbox 716 481 856 505; x_wconf 89' lang='lat' dir='ltr'>secum</span> <span class='ocrx_word' id='word_1_35' title='bbox 878 481 1011 518; x_wconf 81' lang='lat' dir='ltr'><strong>nuper</strong></span> <span class='ocrx_word' id='word_1_36' title='bbox 1031 467 1255 506; x_wconf 85' lang='lat' dir='ltr'>deduxisse</span> <span class='ocrx_word' id='word_1_37' title='bbox 1276 467 1316 505; x_wconf 90' lang='lat' dir='ltr'>in</span> <span class='ocrx_word' id='word_1_38' title='bbox 1340 467 1590 506; x_wconf 89' lang='lat' dir='ltr'>monasterio</span> <span class='ocrx_word' id='word_1_39' title='bbox 1622 467 1690 506; x_wconf 93' lang='lat' dir='ltr'>illo</span> <span class='ocrx_word' id='word_1_40' title='bbox 1705 468 1754 492; x_wconf 79' lang='lat'>²¹8</span> 
     </span>
     <span class='ocr_line' id='line_1_6' title="bbox 262 529 992 576; baseline -0.003 -6"><span class='ocrx_word' id='word_1_41' title='bbox 262 532 463 570; x_wconf 81' lang='lat' dir='ltr'>caballum</span> <span class='ocrx_word' id='word_1_42' title='bbox 485 530 606 569; x_wconf 88' lang='lat' dir='ltr'>valde</span> <span class='ocrx_word' id='word_1_43' title='bbox 626 530 798 576; x_wconf 88' lang='lat' dir='ltr'>bonum,</span> <span class='ocrx_word' id='word_1_44' title='bbox 820 529 874 569; x_wconf 92' lang='lat' dir='ltr'>ait</span> <span class='ocrx_word' id='word_1_45' title='bbox 894 530 992 568; x_wconf 90' lang='lat' dir='ltr'>illis:</span> 
     </span>
    </p>
   </div>
   <div class='ocr_carea' id='block_1_3' title="bbox 262 603 1753 697">
    <p class='ocr_par' dir='ltr' id='par_1_3' title="bbox 262 603 1753 697">
     <span class='ocr_line' id='line_1_7' title="bbox 316 603 1753 656; baseline 0.001 -14"><span class='ocrx_word' id='word_1_46' title='bbox 316 609 336 624; x_wconf 87' lang='lat'><em>“</em></span> <span class='ocrx_word' id='word_1_47' title='bbox 355 606 473 643; x_wconf 88' lang='lat' dir='ltr'>Illum</span> <span class='ocrx_word' id='word_1_48' title='bbox 506 617 607 655; x_wconf 83' lang='lat' dir='ltr'>ergo</span> <span class='ocrx_word' id='word_1_49' title='bbox 636 604 852 650; x_wconf 80' lang='lat' dir='ltr'>caballum,</span> <span class='ocrx_word' id='word_1_50' title='bbox 874 617 999 655; x_wconf 89' lang='lat' dir='ltr'>quem</span> <span class='ocrx_word' id='word_1_51' title='bbox 1033 618 1114 656; x_wconf 78' lang='lat' dir='ltr'>ego</span> <span class='ocrx_word' id='word_1_52' title='bbox 1151 604 1231 643; x_wconf 88' lang='lat' dir='ltr'>huc</span> <span class='ocrx_word' id='word_1_53' title='bbox 1252 603 1420 643; x_wconf 83' lang='lat' dir='ltr'>veniens</span> <span class='ocrx_word' id='word_1_54' title='bbox 1450 604 1620 651; x_wconf 84' lang='lat' dir='ltr'>adduxi,</span> <span class='ocrx_word' id='word_1_55' title='bbox 1642 604 1753 651; x_wconf 89' lang='lat' dir='ltr'>vivit,</span> 
     </span>
     <span class='ocr_line' id='line_1_8' title="bbox 262 657 669 697; baseline -0.005 0"><span class='ocrx_word' id='word_1_56' title='bbox 262 672 314 697; x_wconf 86' lang='lat' dir='ltr'>an</span> <span class='ocrx_word' id='word_1_57' title='bbox 336 666 520 697; x_wconf 87' lang='lat' dir='ltr'>mortuus</span> <span class='ocrx_word' id='word_1_58' title='bbox 541 657 631 696; x_wconf 87' lang='lat' dir='ltr'>est?</span> <span class='ocrx_word' id='word_1_59' title='bbox 648 659 669 673; x_wconf 88' lang='lat'>&#39;&#39;</span> 
     </span>
    </p>
   </div>
   <div class='ocr_carea' id='block_1_4' title="bbox 318 744 740 796">
    <p class='ocr_par' dir='ltr' id='par_1_4' title="bbox 318 744 740 796">
     <span class='ocr_line' id='line_1_9' title="bbox 318 744 740 796; baseline -0.002 -13"><span class='ocrx_word' id='word_1_60' title='bbox 318 745 643 796; x_wconf 77' lang='lat' dir='ltr'>Responderunt</span> <span class='ocrx_word' id='word_1_61' title='bbox 664 744 717 782; x_wconf 91' lang='lat' dir='ltr'>illi</span> <span class='ocrx_word' id='word_1_62' title='bbox 733 759 740 783; x_wconf 78' lang='lat'>2</span> 
     </span>
    </p>
   </div>
   <div class='ocr_carea' id='block_1_5' title="bbox 315 819 1755 871">
    <p class='ocr_par' dir='ltr' id='par_1_5' title="bbox 315 819 1755 871">
     <span class='ocr_line' id='line_1_10' title="bbox 315 819 1755 871; baseline 0.001 -13"><span class='ocrx_word' id='word_1_63' title='bbox 315 826 334 839; x_wconf 86' lang='lat'><em>“</em></span> <span class='ocrx_word' id='word_1_64' title='bbox 351 820 474 866; x_wconf 86' lang='lat' dir='ltr'>Vivit,</span> <span class='ocrx_word' id='word_1_65' title='bbox 507 820 790 866; x_wconf 80' lang='lat' dir='ltr'>Domine,&#39;&#39;²19</span> <span class='ocrx_word' id='word_1_66' title='bbox 810 819 999 871; x_wconf 87' lang='lat' dir='ltr'>inquiunt</span> <span class='ocrx_word' id='word_1_67' title='bbox 1021 820 1136 858; x_wconf 84' lang='lat' dir='ltr'>“iam</span> <span class='ocrx_word' id='word_1_68' title='bbox 1159 820 1320 859; x_wconf 89' lang='lat' dir='ltr'>vetulus</span> <span class='ocrx_word' id='word_1_69' title='bbox 1352 828 1425 860; x_wconf 90' lang='lat' dir='ltr'>est.</span> <span class='ocrx_word' id='word_1_70' title='bbox 1483 820 1678 860; x_wconf 89' lang='lat' dir='ltr'>Ceterum</span> <span class='ocrx_word' id='word_1_71' title='bbox 1701 821 1755 859; x_wconf 90' lang='lat' dir='ltr'>ad</span> 
     </span>
    </p>
   </div>
   <div class='ocr_carea' id='block_1_6' title="bbox 259 873 1777 925">
    <p class='ocr_par' dir='ltr' id='par_1_6' title="bbox 259 873 1777 925">
     <span class='ocr_line' id='line_1_11' title="bbox 259 873 1777 925; baseline 0.001 -13"><span class='ocrx_word' id='word_1_72' title='bbox 259 888 377 913; x_wconf 88' lang='lat' dir='ltr'>usum</span> <span class='ocrx_word' id='word_1_73' title='bbox 400 874 600 925; x_wconf 90' lang='lat' dir='ltr'>pistorum</span> <span class='ocrx_word' id='word_1_74' title='bbox 623 873 845 924; x_wconf 89' lang='lat' dir='ltr'>deputatus</span> <span class='ocrx_word' id='word_1_75' title='bbox 867 882 940 919; x_wconf 89' lang='lat' dir='ltr'>est,</span> <span class='ocrx_word' id='word_1_76' title='bbox 956 873 1078 912; x_wconf 87' lang='lat' dir='ltr'>firens</span> <span class='ocrx_word' id='word_1_77' title='bbox 1090 873 1277 925; x_wconf 86' lang='lat' dir='ltr'>quotidie</span> <span class='ocrx_word' id='word_1_78' title='bbox 1291 887 1496 912; x_wconf 82' lang='lat' dir='ltr'>annonam</span> <span class='ocrx_word' id='word_1_79' title='bbox 1519 875 1571 913; x_wconf 88' lang='lat' dir='ltr'>ad</span> <span class='ocrx_word' id='word_1_80' title='bbox 1596 875 1751 913; x_wconf 91' lang='lat' dir='ltr'>molen—</span> <span class='ocrx_word' id='word_1_81' title='bbox 1774 922 1777 924; x_wconf 15' lang='lat' dir='ltr'>v</span> 
     </span>
    </p>
   </div>
   <div class='ocr_carea' id='block_1_7' title="bbox 261 926 819 973">
    <p class='ocr_par' dir='ltr' id='par_1_7' title="bbox 261 926 819 973">
     <span class='ocr_line' id='line_1_12' title="bbox 261 926 819 973; baseline 0 -8"><span class='ocrx_word' id='word_1_82' title='bbox 261 928 419 973; x_wconf 85' lang='lat' dir='ltr'>dinum,</span> <span class='ocrx_word' id='word_1_83' title='bbox 443 927 519 965; x_wconf 89' lang='lat' dir='ltr'>hac</span> <span class='ocrx_word' id='word_1_84' title='bbox 531 935 581 950; x_wconf 90' lang='lat'>²²⁰</span> <span class='ocrx_word' id='word_1_85' title='bbox 599 926 819 965; x_wconf 89' lang='lat' dir='ltr'>referens.&#39;’</span> 
     </span>
    </p>
   </div>
   <div class='ocr_carea' id='block_1_8' title="bbox 315 1013 1578 1139">
    <p class='ocr_par' dir='ltr' id='par_1_8' title="bbox 315 1013 1578 1139">
     <span class='ocr_line' id='line_1_13' title="bbox 317 1013 747 1064; baseline -0.002 -12"><span class='ocrx_word' id='word_1_86' title='bbox 317 1014 478 1064; x_wconf 76' lang='lat' dir='ltr'>Quibus</span> <span class='ocrx_word' id='word_1_87' title='bbox 498 1013 747 1052; x_wconf 89' lang='lat' dir='ltr'>Waltarius:</span> 
     </span>
     <span class='ocr_line' id='line_1_14' title="bbox 315 1087 1578 1139; baseline 0.001 -12"><span class='ocrx_word' id='word_1_88' title='bbox 315 1088 561 1127; x_wconf 79' lang='lat' dir='ltr'>Adducatur</span> <span class='ocrx_word' id='word_1_89' title='bbox 581 1087 711 1134; x_wconf 89' lang='lat' dir='ltr'>nobis,</span> <span class='ocrx_word' id='word_1_90' title='bbox 734 1095 774 1127; x_wconf 92' lang='lat' dir='ltr'>et</span> <span class='ocrx_word' id='word_1_91' title='bbox 793 1087 1021 1134; x_wconf 88' lang='lat' dir='ltr'>videamus,</span> <span class='ocrx_word' id='word_1_92' title='bbox 1043 1088 1217 1139; x_wconf 83' lang='lat' dir='ltr'>qualiter</span> <span class='ocrx_word' id='word_1_93' title='bbox 1237 1101 1281 1127; x_wconf 92' lang='lat' dir='ltr'>se</span> <span class='ocrx_word' id='word_1_94' title='bbox 1302 1088 1515 1128; x_wconf 90' lang='lat' dir='ltr'>habetur.’&#39;</span> <span class='ocrx_word' id='word_1_95' title='bbox 1532 1097 1578 1114; x_wconf 87' lang='lat'>²²¹</span> 
     </span>
    </p>
   </div>
   <div class='ocr_carea' id='block_1_9' title="bbox 260 1173 1756 1277">
    <p class='ocr_par' dir='ltr' id='par_1_9' title="bbox 260 1173 1756 1277">
     <span class='ocr_line' id='line_1_15' title="bbox 314 1173 1756 1226; baseline 0.001 -14"><span class='ocrx_word' id='word_1_96' title='bbox 314 1174 390 1213; x_wconf 90' lang='lat' dir='ltr'>Cui</span> <span class='ocrx_word' id='word_1_97' title='bbox 412 1187 505 1212; x_wconf 90' lang='lat' dir='ltr'>cum</span> <span class='ocrx_word' id='word_1_98' title='bbox 527 1173 731 1212; x_wconf 89' lang='lat' dir='ltr'>adductus</span> <span class='ocrx_word' id='word_1_99' title='bbox 752 1181 864 1225; x_wconf 65' lang='lat' dir='ltr'>gssgt‚</span> <span class='ocrx_word' id='word_1_100' title='bbox 887 1181 927 1212; x_wconf 89' lang='lat' dir='ltr'>et</span> <span class='ocrx_word' id='word_1_101' title='bbox 955 1173 1208 1212; x_wconf 80' lang='lat' dir='ltr'>ascendisset</span> <span class='ocrx_word' id='word_1_102' title='bbox 1236 1187 1362 1225; x_wconf 91' lang='lat' dir='ltr'>super</span> <span class='ocrx_word' id='word_1_103' title='bbox 1383 1187 1490 1221; x_wconf 88' lang='lat' dir='ltr'>eum,</span> <span class='ocrx_word' id='word_1_104' title='bbox 1513 1188 1561 1213; x_wconf 89' lang='lat' dir='ltr'>ac</span> <span class='ocrx_word' id='word_1_105' title='bbox 1590 1188 1756 1226; x_wconf 90' lang='lat' dir='ltr'>promo-</span> 
     </span>
     <span class='ocr_line' id='line_1_16' title="bbox 260 1246 480 1277; baseline -0.005 0"><span class='ocrx_word' id='word_1_106' title='bbox 260 1246 385 1277; x_wconf 84' lang='lat' dir='ltr'>V1sset</span> <span class='ocrx_word' id='word_1_107' title='bbox 405 1246 480 1277; x_wconf 83' lang='lat' dir='ltr'>ait:</span> 
     </span>
    </p>
   </div>
   <div class='ocr_carea' id='block_1_10' title="bbox 260 1313 1753 1419">
    <p class='ocr_par' dir='ltr' id='par_1_10' title="bbox 260 1313 1753 1419">
     <span class='ocr_line' id='line_1_17' title="bbox 314 1313 1753 1364; baseline 0.002 -13"><span class='ocrx_word' id='word_1_108' title='bbox 314 1318 335 1333; x_wconf 89' lang='lat'>“</span> <span class='ocrx_word' id='word_1_109' title='bbox 353 1313 524 1359; x_wconf 83' lang='lat' dir='ltr'>lste‚’&#39;²²²</span> <span class='ocrx_word' id='word_1_110' title='bbox 546 1313 688 1364; x_wconf 90' lang='lat' dir='ltr'>inquit,</span> <span class='ocrx_word' id='word_1_111' title='bbox 712 1317 733 1332; x_wconf 92' lang='lat'><em>“</em></span> <span class='ocrx_word' id='word_1_112' title='bbox 748 1314 886 1352; x_wconf 89' lang='lat' dir='ltr'>adhuc</span> <span class='ocrx_word' id='word_1_113' title='bbox 906 1314 1012 1352; x_wconf 89' lang='lat' dir='ltr'>bene</span> <span class='ocrx_word' id='word_1_114' title='bbox 1032 1314 1085 1352; x_wconf 92' lang='lat' dir='ltr'>de</span> <span class='ocrx_word' id='word_1_115' title='bbox 1107 1327 1201 1353; x_wconf 90' lang='lat' dir='ltr'>meo</span> <span class='ocrx_word' id='word_1_116' title='bbox 1218 1322 1363 1353; x_wconf 91' lang='lat' dir='ltr'>tenens</span> <span class='ocrx_word' id='word_1_117' title='bbox 1374 1323 1423 1346; x_wconf 86' lang='lat'>²²3</span> <span class='ocrx_word' id='word_1_118' title='bbox 1442 1315 1753 1362; x_wconf 88' lang='lat' dir='ltr'>nutrimentum,</span> 
     </span>
     <span class='ocr_line' id='line_1_18' title="bbox 260 1367 1468 1419; baseline 0.002 -14"><span class='ocrx_word' id='word_1_119' title='bbox 260 1367 373 1419; x_wconf 90' lang='lat' dir='ltr'>quod</span> <span class='ocrx_word' id='word_1_120' title='bbox 396 1368 436 1405; x_wconf 92' lang='lat' dir='ltr'>in</span> <span class='ocrx_word' id='word_1_121' title='bbox 456 1367 570 1406; x_wconf 87' lang='lat' dir='ltr'>armis</span> <span class='ocrx_word' id='word_1_122' title='bbox 592 1367 837 1406; x_wconf 89' lang='lat' dir='ltr'>iuvenilibus</span> <span class='ocrx_word' id='word_1_123' title='bbox 858 1367 960 1406; x_wconf 90' lang='lat' dir='ltr'>meis</span> <span class='ocrx_word' id='word_1_124' title='bbox 981 1367 1093 1406; x_wconf 89' lang='lat' dir='ltr'>illum</span> <span class='ocrx_word' id='word_1_125' title='bbox 1115 1367 1254 1406; x_wconf 90' lang='lat' dir='ltr'>studui</span> <span class='ocrx_word' id='word_1_126' title='bbox 1275 1367 1468 1408; x_wconf 88' lang='lat' dir='ltr'>docere.”</span> 
     </span>
    </p>
   </div>
   <div class='ocr_carea' id='block_1_11' title="bbox 254 1454 1756 2691">
    <p class='ocr_par' dir='ltr' id='par_1_11' title="bbox 254 1454 1756 2666">
     <span class='ocr_line' id='line_1_19' title="bbox 314 1454 1756 1506; baseline 0.002 -14"><span class='ocrx_word' id='word_1_127' title='bbox 314 1454 534 1506; x_wconf 87' lang='lat' dir='ltr'>Accipiens</span> <span class='ocrx_word' id='word_1_128' title='bbox 556 1467 657 1505; x_wconf 77' lang='lat' dir='ltr'>ergo</span> <span class='ocrx_word' id='word_1_129' title='bbox 679 1454 904 1493; x_wconf 88' lang='lat' dir='ltr'>Waltarius</span> <span class='ocrx_word' id='word_1_130' title='bbox 924 1454 976 1493; x_wconf 92' lang='lat' dir='ltr'>ab</span> <span class='ocrx_word' id='word_1_131' title='bbox 996 1454 1156 1501; x_wconf 83' lang='lat' dir='ltr'>abbate,</span> <span class='ocrx_word' id='word_1_132' title='bbox 1174 1463 1214 1493; x_wconf 87' lang='lat' dir='ltr'>et</span> <span class='ocrx_word' id='word_1_133' title='bbox 1234 1454 1388 1494; x_wconf 88' lang='lat' dir='ltr'>cunctis</span> <span class='ocrx_word' id='word_1_134' title='bbox 1409 1455 1610 1502; x_wconf 86' lang='lat' dir='ltr'>fratribus,</span> <span class='ocrx_word' id='word_1_135' title='bbox 1632 1456 1756 1495; x_wconf 91' lang='lat' dir='ltr'>bene-</span> 
     </span>
     <span class='ocr_line' id='line_1_20' title="bbox 261 1519 1754 1569; baseline 0.002 -12"><span class='ocrx_word' id='word_1_136' title='bbox 261 1519 495 1564; x_wconf 85' lang='lat' dir='ltr'>dictionem,</span> <span class='ocrx_word' id='word_1_137' title='bbox 518 1532 564 1557; x_wconf 89' lang='lat' dir='ltr'>ac</span> <span class='ocrx_word' id='word_1_138' title='bbox 584 1519 830 1565; x_wconf 86' lang='lat' dir='ltr'>valedicens,</span> <span class='ocrx_word' id='word_1_139' title='bbox 852 1533 1020 1558; x_wconf 89' lang='lat' dir='ltr'>sumens</span> <span class='ocrx_word' id='word_1_140' title='bbox 1052 1532 1194 1558; x_wconf 89' lang='lat' dir='ltr'>secum</span> <span class='ocrx_word' id='word_1_141' title='bbox 1227 1519 1333 1558; x_wconf 87' lang='lat' dir='ltr'>duos</span> <span class='ocrx_word' id='word_1_142' title='bbox 1354 1520 1419 1558; x_wconf 90' lang='lat' dir='ltr'>vel</span> <span class='ocrx_word' id='word_1_143' title='bbox 1451 1528 1533 1559; x_wconf 88' lang='lat' dir='ltr'>tres</span> <span class='ocrx_word' id='word_1_144' title='bbox 1566 1519 1754 1569; x_wconf 88' lang='lat' dir='ltr'>famulos,</span> 
     </span>
     <span class='ocr_line' id='line_1_21' title="bbox 260 1583 1755 1635; baseline 0.002 -14"><span class='ocrx_word' id='word_1_145' title='bbox 260 1597 436 1635; x_wconf 91' lang='lat' dir='ltr'>propere</span> <span class='ocrx_word' id='word_1_146' title='bbox 456 1583 567 1622; x_wconf 82' lang='lat' dir='ltr'>venit</span> <span class='ocrx_word' id='word_1_147' title='bbox 587 1583 640 1621; x_wconf 92' lang='lat' dir='ltr'>ad</span> <span class='ocrx_word' id='word_1_148' title='bbox 662 1583 740 1621; x_wconf 89' lang='lat' dir='ltr'>iarn</span> <span class='ocrx_word' id='word_1_149' title='bbox 763 1583 896 1622; x_wconf 92' lang='lat' dir='ltr'>dictos</span> <span class='ocrx_word' id='word_1_150' title='bbox 917 1583 1162 1635; x_wconf 87' lang='lat' dir='ltr'>predatore;</span> <span class='ocrx_word' id='word_1_151' title='bbox 1184 1597 1289 1634; x_wconf 91' lang='lat' dir='ltr'>quos</span> <span class='ocrx_word' id='word_1_152' title='bbox 1310 1597 1403 1622; x_wconf 92' lang='lat' dir='ltr'>cum</span> <span class='ocrx_word' id='word_1_153' title='bbox 1426 1584 1635 1624; x_wconf 89' lang='lat' dir='ltr'>humiliter</span> <span class='ocrx_word' id='word_1_154' title='bbox 1650 1585 1755 1624; x_wconf 90' lang='lat' dir='ltr'>salu-</span> 
     </span>
     <span class='ocr_line' id='line_1_22' title="bbox 258 1647 1754 1698; baseline 0.002 -12"><span class='ocrx_word' id='word_1_155' title='bbox 258 1656 396 1694; x_wconf 88' lang='lat' dir='ltr'>tasset,</span> <span class='ocrx_word' id='word_1_156' title='bbox 427 1647 564 1698; x_wconf 90' lang='lat' dir='ltr'>coepit</span> <span class='ocrx_word' id='word_1_157' title='bbox 603 1648 692 1686; x_wconf 91' lang='lat' dir='ltr'>illos</span> <span class='ocrx_word' id='word_1_158' title='bbox 732 1661 913 1694; x_wconf 89' lang='lat' dir='ltr'>monere,</span> <span class='ocrx_word' id='word_1_159' title='bbox 944 1662 995 1686; x_wconf 91' lang='lat' dir='ltr'>ne</span> <span class='ocrx_word' id='word_1_160' title='bbox 1034 1648 1113 1686; x_wconf 90' lang='lat' dir='ltr'>iam</span> <span class='ocrx_word' id='word_1_161' title='bbox 1145 1649 1273 1687; x_wconf 89' lang='lat' dir='ltr'>servis</span> <span class='ocrx_word' id='word_1_162' title='bbox 1314 1648 1394 1687; x_wconf 94' lang='lat' dir='ltr'>Dei</span> <span class='ocrx_word' id='word_1_163' title='bbox 1433 1649 1601 1694; x_wconf 82' lang='lat' dir='ltr'>ulterius</span> <span class='ocrx_word' id='word_1_164' title='bbox 1631 1650 1754 1689; x_wconf 89' lang='lat' dir='ltr'>talem</span> 
     </span>
     <span class='ocr_line' id='line_1_23' title="bbox 260 1711 1756 1763; baseline 0.002 -13"><span class='ocrx_word' id='word_1_165' title='bbox 260 1712 451 1750; x_wconf 87' lang='lat' dir='ltr'>inferrent</span> <span class='ocrx_word' id='word_1_166' title='bbox 481 1711 680 1763; x_wconf 86' lang='lat' dir='ltr'>injuriam,</span> <span class='ocrx_word' id='word_1_167' title='bbox 703 1713 867 1763; x_wconf 90' lang='lat' dir='ltr'>qualern</span> <span class='ocrx_word' id='word_1_168' title='bbox 899 1721 996 1751; x_wconf 90' lang='lat' dir='ltr'>tunc</span> <span class='ocrx_word' id='word_1_169' title='bbox 1016 1712 1217 1751; x_wconf 87' lang='lat' dir='ltr'>fecissent.</span> <span class='ocrx_word' id='word_1_170' title='bbox 1278 1713 1338 1751; x_wconf 93' lang='lat' dir='ltr'>Illi</span> <span class='ocrx_word' id='word_1_171' title='bbox 1367 1721 1505 1752; x_wconf 91' lang='lat' dir='ltr'>autern</span> <span class='ocrx_word' id='word_1_172' title='bbox 1528 1727 1621 1752; x_wconf 88' lang='lat' dir='ltr'>cum</span> <span class='ocrx_word' id='word_1_173' title='bbox 1652 1714 1756 1753; x_wconf 90' lang='lat' dir='ltr'>dura</span> 
     </span>
     <span class='ocr_line' id='line_1_24' title="bbox 259 1776 1755 1830; baseline 0.002 -16"><span class='ocrx_word' id='word_1_174' title='bbox 259 1776 492 1815; x_wconf 88' lang='lat' dir='ltr'>Walthario</span> <span class='ocrx_word' id='word_1_175' title='bbox 531 1776 763 1827; x_wconf 89' lang='lat' dir='ltr'>coepissent</span> <span class='ocrx_word' id='word_1_176' title='bbox 801 1777 1057 1828; x_wconf 91' lang='lat' dir='ltr'>respondere</span> <span class='ocrx_word' id='word_1_177' title='bbox 1078 1777 1205 1816; x_wconf 90' lang='lat' dir='ltr'>verba</span> <span class='ocrx_word' id='word_1_178' title='bbox 1228 1777 1483 1817; x_wconf 89' lang='lat' dir='ltr'>Waltharius</span> <span class='ocrx_word' id='word_1_179' title='bbox 1512 1797 1533 1830; x_wconf 71' lang='lat' dir='ltr'><em>g</em></span> <span class='ocrx_word' id='word_1_180' title='bbox 1552 1786 1696 1818; x_wconf 90' lang='lat' dir='ltr'>contra</span> <span class='ocrx_word' id='word_1_181' title='bbox 1707 1787 1755 1809; x_wconf 87' lang='lat'>²²4</span> 
     </span>
     <span class='ocr_line' id='line_1_25' title="bbox 259 1840 1756 1893; baseline 0.003 -15"><span class='ocrx_word' id='word_1_182' title='bbox 259 1841 475 1891; x_wconf 87' lang='lat' dir='ltr'>sepissime</span> <span class='ocrx_word' id='word_1_183' title='bbox 511 1840 585 1879; x_wconf 86' lang='lat' dir='ltr'>illis</span> <span class='ocrx_word' id='word_1_184' title='bbox 620 1840 787 1879; x_wconf 90' lang='lat' dir='ltr'>duriora</span> <span class='ocrx_word' id='word_1_185' title='bbox 821 1841 1035 1880; x_wconf 89' lang='lat' dir='ltr'>referebat.</span> <span class='ocrx_word' id='word_1_186' title='bbox 1108 1841 1179 1879; x_wconf 90' lang='lat' dir='ltr'>Hii</span> <span class='ocrx_word' id='word_1_187' title='bbox 1220 1855 1319 1880; x_wconf 91' lang='lat' dir='ltr'>vero</span> <span class='ocrx_word' id='word_1_188' title='bbox 1364 1842 1567 1893; x_wconf 84' lang='lat' dir='ltr'>indignati</span> <span class='ocrx_word' id='word_1_189' title='bbox 1613 1843 1691 1882; x_wconf 92' lang='lat' dir='ltr'>hac</span> <span class='ocrx_word' id='word_1_190' title='bbox 1708 1850 1756 1874; x_wconf 88' lang='lat'>²²⁵</span> 
     </span>
     <span class='ocr_line' id='line_1_26' title="bbox 260 1904 1754 1957; baseline 0.003 -15"><span class='ocrx_word' id='word_1_191' title='bbox 260 1904 479 1956; x_wconf 90' lang='lat' dir='ltr'>superbiae</span> <span class='ocrx_word' id='word_1_192' title='bbox 510 1904 654 1955; x_wconf 90' lang='lat' dir='ltr'>spiritu</span> <span class='ocrx_word' id='word_1_193' title='bbox 687 1905 850 1951; x_wconf 86' lang='lat' dir='ltr'>incitati,</span> <span class='ocrx_word' id='word_1_194' title='bbox 880 1905 1086 1957; x_wconf 81' lang='lat' dir='ltr'>cogebant</span> <span class='ocrx_word' id='word_1_195' title='bbox 1124 1906 1402 1946; x_wconf 85' lang='lat' dir='ltr'>Waltharium</span> <span class='ocrx_word' id='word_1_196' title='bbox 1443 1920 1596 1946; x_wconf 87' lang='lat' dir='ltr'>exuere</span> <span class='ocrx_word' id='word_1_197' title='bbox 1633 1907 1754 1947; x_wconf 87' lang='lat' dir='ltr'>vesti-</span> 
     </span>
     <span class='ocr_line' id='line_1_27' title="bbox 260 1962 1754 2020; baseline 0.002 -13"><span class='ocrx_word' id='word_1_198' title='bbox 260 1978 408 2015; x_wconf 90' lang='lat' dir='ltr'>menta,</span> <span class='ocrx_word' id='word_1_199' title='bbox 432 1969 582 2020; x_wconf 89' lang='lat' dir='ltr'>quibus</span> <span class='ocrx_word' id='word_1_200' title='bbox 603 1969 770 2008; x_wconf 90' lang='lat' dir='ltr'>indutus</span> <span class='ocrx_word' id='word_1_201' title='bbox 792 1978 890 2009; x_wconf 90' lang='lat' dir='ltr'>erat.</span> <span class='ocrx_word' id='word_1_202' title='bbox 949 1971 1005 2009; x_wconf 79' lang='lat' dir='ltr'>At</span> <span class='ocrx_word' id='word_1_203' title='bbox 1021 1962 1282 2010; x_wconf 84' lang='lat' dir='ltr'>Waltharius</span> <span class='ocrx_word' id='word_1_204' title='bbox 1312 1971 1522 2010; x_wconf 89' lang='lat' dir='ltr'>humiliter</span> <span class='ocrx_word' id='word_1_205' title='bbox 1541 1971 1594 2010; x_wconf 91' lang='lat' dir='ltr'>ad</span> <span class='ocrx_word' id='word_1_206' title='bbox 1615 1972 1754 2011; x_wconf 89' lang='lat' dir='ltr'>omnia</span> 
     </span>
     <span class='ocr_line' id='line_1_28' title="bbox 259 2033 1753 2085; baseline 0.003 -14"><span class='ocrx_word' id='word_1_207' title='bbox 259 2033 348 2072; x_wconf 92' lang='lat' dir='ltr'>illos</span> <span class='ocrx_word' id='word_1_208' title='bbox 379 2033 631 2072; x_wconf 84' lang='lat' dir='ltr'>obaudiebat</span> <span class='ocrx_word' id='word_1_209' title='bbox 652 2033 764 2072; x_wconf 86' lang='lat' dir='ltr'>iuxta</span> <span class='ocrx_word' id='word_1_210' title='bbox 785 2042 1027 2085; x_wconf 90' lang='lat' dir='ltr'>preceptum</span> <span class='ocrx_word' id='word_1_211' title='bbox 1056 2035 1216 2074; x_wconf 91' lang='lat' dir='ltr'>abbatis</span> <span class='ocrx_word' id='word_1_212' title='bbox 1246 2035 1321 2082; x_wconf 90' lang='lat' dir='ltr'>sui,</span> <span class='ocrx_word' id='word_1_213' title='bbox 1344 2035 1485 2075; x_wconf 87' lang='lat' dir='ltr'>dicens</span> <span class='ocrx_word' id='word_1_214' title='bbox 1506 2050 1530 2074; x_wconf 92' lang='lat' dir='ltr'>a</span> <span class='ocrx_word' id='word_1_215' title='bbox 1563 2036 1753 2076; x_wconf 89' lang='lat' dir='ltr'>fratribus</span> 
     </span>
     <span class='ocr_line' id='line_1_29' title="bbox 259 2097 1754 2152; baseline 0.002 -15"><span class='ocrx_word' id='word_1_216' title='bbox 259 2098 338 2137; x_wconf 91' lang='lat' dir='ltr'>hoc</span> <span class='ocrx_word' id='word_1_217' title='bbox 359 2097 434 2136; x_wconf 86' lang='lat' dir='ltr'>sibi</span> <span class='ocrx_word' id='word_1_218' title='bbox 464 2097 586 2136; x_wconf 85' lang='lat' dir='ltr'>fuisse</span> <span class='ocrx_word' id='word_1_219' title='bbox 609 2098 867 2149; x_wconf 89' lang='lat' dir='ltr'>imperatum.</span> <span class='ocrx_word' id='word_1_220' title='bbox 925 2099 1118 2150; x_wconf 88' lang='lat' dir='ltr'>Cumque</span> <span class='ocrx_word' id='word_1_221' title='bbox 1148 2100 1448 2152; x_wconf 84' lang='lat' dir='ltr'>exspoliassent</span> <span class='ocrx_word' id='word_1_222' title='bbox 1476 2114 1584 2147; x_wconf 89' lang='lat' dir='ltr'>eum,</span> <span class='ocrx_word' id='word_1_223' title='bbox 1607 2114 1754 2152; x_wconf 89' lang='lat' dir='ltr'>coepe-</span> 
     </span>
     <span class='ocr_line' id='line_1_30' title="bbox 259 2162 1754 2214; baseline 0.003 -14"><span class='ocrx_word' id='word_1_224' title='bbox 259 2171 353 2201; x_wconf 90' lang='lat' dir='ltr'>runt</span> <span class='ocrx_word' id='word_1_225' title='bbox 391 2162 508 2213; x_wconf 66' lang='lat' dir='ltr'>gtiam</span> <span class='ocrx_word' id='word_1_226' title='bbox 549 2162 825 2201; x_wconf 88' lang='lat' dir='ltr'>calceamenta</span> <span class='ocrx_word' id='word_1_227' title='bbox 867 2171 906 2202; x_wconf 91' lang='lat' dir='ltr'>et</span> <span class='ocrx_word' id='word_1_228' title='bbox 954 2164 1106 2214; x_wconf 85' lang='lat' dir='ltr'>caligas</span> <span class='ocrx_word' id='word_1_229' title='bbox 1153 2165 1404 2204; x_wconf 87' lang='lat' dir='ltr'>abstrahere.</span> <span class='ocrx_word' id='word_1_230' title='bbox 1462 2165 1568 2204; x_wconf 88' lang='lat' dir='ltr'>Cum</span> <span class='ocrx_word' id='word_1_231' title='bbox 1616 2173 1754 2205; x_wconf 89' lang='lat' dir='ltr'>autem</span> 
     </span>
     <span class='ocr_line' id='line_1_31' title="bbox 258 2226 1754 2276; baseline 0.003 -12"><span class='ocrx_word' id='word_1_232' title='bbox 258 2227 466 2265; x_wconf 84' lang='lat' dir='ltr'>venissent</span> <span class='ocrx_word' id='word_1_233' title='bbox 501 2226 554 2264; x_wconf 89' lang='lat' dir='ltr'>ad</span> <span class='ocrx_word' id='word_1_234' title='bbox 586 2226 808 2273; x_wconf 88' lang='lat' dir='ltr'>femoralia,</span> <span class='ocrx_word' id='word_1_235' title='bbox 839 2227 992 2266; x_wconf 89' lang='lat' dir='ltr'>diutius</span> <span class='ocrx_word' id='word_1_236' title='bbox 1027 2228 1171 2268; x_wconf 88' lang='lat' dir='ltr'>institit</span> <span class='ocrx_word' id='word_1_237' title='bbox 1191 2229 1430 2276; x_wconf 90' lang='lat' dir='ltr'>Waltarius,</span> <span class='ocrx_word' id='word_1_238' title='bbox 1453 2229 1595 2268; x_wconf 88' lang='lat' dir='ltr'>dicens</span> <span class='ocrx_word' id='word_1_239' title='bbox 1625 2229 1702 2268; x_wconf 90' lang='lat' dir='ltr'>sibi</span> <span class='ocrx_word' id='word_1_240' title='bbox 1731 2244 1754 2268; x_wconf 94' lang='lat' dir='ltr'>a</span> 
     </span>
     <span class='ocr_line' id='line_1_32' title="bbox 256 2289 1751 2341; baseline 0.003 -14"><span class='ocrx_word' id='word_1_241' title='bbox 256 2289 443 2328; x_wconf 87' lang='lat' dir='ltr'>fratribus</span> <span class='ocrx_word' id='word_1_242' title='bbox 466 2289 633 2327; x_wconf 76' lang='lat' dir='ltr'>mininie</span> <span class='ocrx_word' id='word_1_243' title='bbox 668 2289 791 2328; x_wconf 90' lang='lat' dir='ltr'>fuisse</span> <span class='ocrx_word' id='word_1_244' title='bbox 826 2289 1084 2341; x_wconf 88' lang='lat' dir='ltr'>imperatum,</span> <span class='ocrx_word' id='word_1_245' title='bbox 1112 2300 1156 2331; x_wconf 90' lang='lat' dir='ltr'>ut</span> <span class='ocrx_word' id='word_1_246' title='bbox 1190 2291 1418 2330; x_wconf 89' lang='lat' dir='ltr'>foemoralia</span> <span class='ocrx_word' id='word_1_247' title='bbox 1450 2300 1630 2331; x_wconf 88' lang='lat' dir='ltr'>exueret.</span> <span class='ocrx_word' id='word_1_248' title='bbox 1690 2293 1751 2331; x_wconf 90' lang='lat' dir='ltr'>Illi</span> 
     </span>
     <span class='ocr_line' id='line_1_33' title="bbox 257 2353 1750 2407; baseline 0.003 -16"><span class='ocrx_word' id='word_1_249' title='bbox 257 2367 356 2392; x_wconf 77' lang='lat' dir='ltr'>vero</span> <span class='ocrx_word' id='word_1_250' title='bbox 377 2353 675 2403; x_wconf 89' lang='lat' dir='ltr'>respondentes</span> <span class='ocrx_word' id='word_1_251' title='bbox 700 2354 809 2392; x_wconf 86' lang='lat' dir='ltr'>nulla</span> <span class='ocrx_word' id='word_1_252' title='bbox 838 2354 915 2393; x_wconf 88' lang='lat' dir='ltr'>sibi</span> <span class='ocrx_word' id='word_1_253' title='bbox 936 2354 1022 2394; x_wconf 90' lang='lat' dir='ltr'>fore</span> <span class='ocrx_word' id='word_1_254' title='bbox 1044 2369 1141 2393; x_wconf 91' lang='lat' dir='ltr'>cura</span> <span class='ocrx_word' id='word_1_255' title='bbox 1169 2355 1223 2394; x_wconf 92' lang='lat' dir='ltr'>de</span> <span class='ocrx_word' id='word_1_256' title='bbox 1244 2364 1439 2407; x_wconf 91' lang='lat' dir='ltr'>precepta</span> <span class='ocrx_word' id='word_1_257' title='bbox 1452 2356 1501 2380; x_wconf 79' lang='lat'>²²⁶</span> <span class='ocrx_word' id='word_1_258' title='bbox 1521 2357 1750 2396; x_wconf 89' lang='lat' dir='ltr'>Monacho-</span> 
     </span>
     <span class='ocr_line' id='line_1_34' title="bbox 257 2417 1753 2471; baseline 0.003 -16"><span class='ocrx_word' id='word_1_259' title='bbox 257 2432 348 2456; x_wconf 88' lang='lat' dir='ltr'>rum</span> <span class='ocrx_word' id='word_1_260' title='bbox 366 2432 372 2456; x_wconf 94' lang='lat'>:</span> <span class='ocrx_word' id='word_1_261' title='bbox 403 2417 656 2456; x_wconf 87' lang='lat' dir='ltr'>Waltharius</span> <span class='ocrx_word' id='word_1_262' title='bbox 678 2431 776 2456; x_wconf 82' lang='lat' dir='ltr'>vero</span> <span class='ocrx_word' id='word_1_263' title='bbox 796 2431 817 2456; x_wconf 95' lang='lat' dir='ltr'>e</span> <span class='ocrx_word' id='word_1_264' title='bbox 834 2427 975 2457; x_wconf 89' lang='lat' dir='ltr'>contra</span> <span class='ocrx_word' id='word_1_265' title='bbox 992 2433 1157 2471; x_wconf 91' lang='lat' dir='ltr'>semper</span> <span class='ocrx_word' id='word_1_266' title='bbox 1172 2420 1381 2459; x_wconf 89' lang='lat' dir='ltr'>asserebat</span> <span class='ocrx_word' id='word_1_267' title='bbox 1403 2420 1515 2459; x_wconf 90' lang='lat' dir='ltr'>nullo</span> <span class='ocrx_word' id='word_1_268' title='bbox 1532 2421 1661 2460; x_wconf 92' lang='lat' dir='ltr'>modo</span> <span class='ocrx_word' id='word_1_269' title='bbox 1676 2421 1753 2460; x_wconf 90' lang='lat' dir='ltr'>sibi</span> 
     </span>
     <span class='ocr_line' id='line_1_35' title="bbox 258 2481 1748 2535; baseline 0.002 -14"><span class='ocrx_word' id='word_1_270' title='bbox 258 2482 499 2521; x_wconf 84' lang='lat' dir='ltr'>convenisse</span> <span class='ocrx_word' id='word_1_271' title='bbox 529 2495 577 2520; x_wconf 89' lang='lat' dir='ltr'>ea</span> <span class='ocrx_word' id='word_1_272' title='bbox 606 2481 848 2533; x_wconf 87' lang='lat' dir='ltr'>relinquere.</span> <span class='ocrx_word' id='word_1_273' title='bbox 907 2483 1099 2534; x_wconf 90' lang='lat' dir='ltr'>Cumque</span> <span class='ocrx_word' id='word_1_274' title='bbox 1129 2484 1362 2535; x_wconf 91' lang='lat' dir='ltr'>coepissent</span> <span class='ocrx_word' id='word_1_275' title='bbox 1391 2484 1444 2522; x_wconf 89' lang='lat' dir='ltr'>illi</span> <span class='ocrx_word' id='word_1_276' title='bbox 1475 2485 1748 2525; x_wconf 89' lang='lat' dir='ltr'>vehementis-</span> 
     </span>
     <span class='ocr_line' id='line_1_36' title="bbox 258 2545 1749 2589; baseline 0.003 -5"><span class='ocrx_word' id='word_1_277' title='bbox 258 2547 360 2585; x_wconf 86' lang='lat' dir='ltr'>sime</span> <span class='ocrx_word' id='word_1_278' title='bbox 381 2546 463 2584; x_wconf 86' lang='lat' dir='ltr'>vim</span> <span class='ocrx_word' id='word_1_279' title='bbox 494 2545 639 2584; x_wconf 87' lang='lat' dir='ltr'>facere.</span> <span class='ocrx_word' id='word_1_280' title='bbox 698 2546 951 2586; x_wconf 88' lang='lat' dir='ltr'>Waltharius</span> <span class='ocrx_word' id='word_1_281' title='bbox 981 2548 1084 2586; x_wconf 89' lang='lat' dir='ltr'>clam</span> <span class='ocrx_word' id='word_1_282' title='bbox 1106 2548 1347 2587; x_wconf 89' lang='lat' dir='ltr'>abstrahens</span> <span class='ocrx_word' id='word_1_283' title='bbox 1368 2562 1391 2586; x_wconf 91' lang='lat' dir='ltr'>a</span> <span class='ocrx_word' id='word_1_284' title='bbox 1419 2549 1519 2587; x_wconf 89' lang='lat' dir='ltr'>sella</span> <span class='ocrx_word' id='word_1_285' title='bbox 1548 2549 1749 2589; x_wconf 89' lang='lat' dir='ltr'>retinacu-</span> 
     </span>
     <span class='ocr_line' id='line_1_37' title="bbox 254 2610 1744 2691; baseline 0.003 -42"><span class='ocrx_word' id='word_1_286' title='bbox 254 2612 352 2656; x_wconf 85' lang='lat' dir='ltr'>lum,</span> <span class='ocrx_word' id='word_1_287' title='bbox 375 2611 414 2649; x_wconf 93' lang='lat' dir='ltr'>in</span> <span class='ocrx_word' id='word_1_288' title='bbox 437 2623 521 2688; x_wconf 87' lang='lat' dir='ltr'>quo</span> <span class='ocrx_word' id='word_1_289' title='bbox 538 2624 610 2661; x_wconf 92' lang='lat' dir='ltr'>pes</span> <span class='ocrx_word' id='word_1_290' title='bbox 632 2610 717 2649; x_wconf 89' lang='lat' dir='ltr'>eius</span> <span class='ocrx_word' id='word_1_291' title='bbox 738 2618 857 2650; x_wconf 89' lang='lat' dir='ltr'>antea</span> <span class='ocrx_word' id='word_1_292' title='bbox 878 2611 1057 2689; x_wconf 82' lang='lat' dir='ltr'>herebat,</span> <span class='ocrx_word' id='word_1_293' title='bbox 1070 2613 1275 2691; x_wconf 87' lang='lat' dir='ltr'>percussit</span> <span class='ocrx_word' id='word_1_294' title='bbox 1289 2612 1357 2651; x_wconf 91' lang='lat' dir='ltr'>uni</span> <span class='ocrx_word' id='word_1_295' title='bbox 1378 2626 1520 2651; x_wconf 89' lang='lat' dir='ltr'>eorum</span> <span class='ocrx_word' id='word_1_296' title='bbox 1539 2613 1578 2652; x_wconf 90' lang='lat' dir='ltr'>in</span> <span class='ocrx_word' id='word_1_297' title='bbox 1598 2614 1744 2666; x_wconf 90' lang='lat' dir='ltr'>capite,</span> 
     </span>
    </p>
   </div>
   <div class='ocr_carea' id='block_1_12' title="bbox 1176 2688 1741 2693">
    <p class='ocr_par' dir='ltr' id='par_1_12' title="bbox 1176 2688 1741 2693">
     <span class='ocr_line' id='line_1_38' title="bbox 1176 2688 1741 2693; baseline 0 0"><span class='ocrx_word' id='word_1_298' title='bbox 1176 2688 1741 2693; x_wconf 95' lang='lat' dir='ltr'> </span> 
     </span>
    </p>
   </div>
   <div class='ocr_carea' id='block_1_13' title="bbox 257 2687 1750 2858">
    <p class='ocr_par' dir='ltr' id='par_1_13' title="bbox 257 2687 1750 2858">
     <span class='ocr_line' id='line_1_39' title="bbox 304 2687 1736 2745; baseline 0.004 -10"><span class='ocrx_word' id='word_1_299' title='bbox 304 2704 365 2736; x_wconf 81' lang='lat'>218</span> <span class='ocrx_word' id='word_1_300' title='bbox 383 2713 511 2736; x_wconf 87' lang='lat' dir='ltr'>unum.</span> <span class='ocrx_word' id='word_1_301' title='bbox 518 2713 626 2745; x_wconf 89' lang='lat'>—219</span> <span class='ocrx_word' id='word_1_302' title='bbox 645 2702 810 2736; x_wconf 90' lang='lat' dir='ltr'>Domine</span> <span class='ocrx_word' id='word_1_303' title='bbox 829 2687 933 2736; x_wconf 81' lang='lat' dir='ltr'>sed.</span> <span class='ocrx_word' id='word_1_304' title='bbox 917 2713 1025 2736; x_wconf 88' lang='lat'>—220</span> <span class='ocrx_word' id='word_1_305' title='bbox 1038 2715 1094 2738; x_wconf 89' lang='lat' dir='ltr'>ac</span> <span class='ocrx_word' id='word_1_306' title='bbox 1099 2715 1204 2737; x_wconf 88' lang='lat'>—221</span> <span class='ocrx_word' id='word_1_307' title='bbox 1225 2705 1379 2738; x_wconf 87' lang='lat' dir='ltr'>habeat.</span> <span class='ocrx_word' id='word_1_308' title='bbox 1385 2715 1493 2738; x_wconf 89' lang='lat'>—222</span> <span class='ocrx_word' id='word_1_309' title='bbox 1508 2706 1601 2740; x_wconf 88' lang='lat' dir='ltr'>Ait‘</span> <span class='ocrx_word' id='word_1_310' title='bbox 1609 2707 1736 2741; x_wconf 89' lang='lat' dir='ltr'>‘’I.ste</span> 
     </span>
     <span class='ocr_line' id='line_1_40' title="bbox 259 2759 1750 2799; baseline 0.003 -9"><span class='ocrx_word' id='word_1_311' title='bbox 259 2769 321 2799; x_wconf 82' lang='lat'>223</span> <span class='ocrx_word' id='word_1_312' title='bbox 354 2763 471 2791; x_wconf 88' lang='lat' dir='ltr'>tenet.</span> <span class='ocrx_word' id='word_1_313' title='bbox 477 2766 585 2797; x_wconf 80' lang='lat'><strong>—224</strong></span> <span class='ocrx_word' id='word_1_314' title='bbox 616 2763 785 2790; x_wconf 86' lang='lat' dir='ltr'>econtra.</span> <span class='ocrx_word' id='word_1_315' title='bbox 790 2767 898 2799; x_wconf 87' lang='lat'><strong>—225</strong></span> <span class='ocrx_word' id='word_1_316' title='bbox 927 2768 982 2792; x_wconf 87' lang='lat' dir='ltr'>ac.</span> <span class='ocrx_word' id='word_1_317' title='bbox 987 2761 1096 2791; x_wconf 77' lang='lat'><strong>—226</strong></span> <span class='ocrx_word' id='word_1_318' title='bbox 1125 2759 1271 2793; x_wconf 89' lang='lat' dir='ltr'>nullam</span> <span class='ocrx_word' id='word_1_319' title='bbox 1300 2759 1371 2793; x_wconf 89' lang='lat' dir='ltr'>sibi</span> <span class='ocrx_word' id='word_1_320' title='bbox 1397 2759 1513 2794; x_wconf 85' lang='lat' dir='ltr'>fuisse</span> <span class='ocrx_word' id='word_1_321' title='bbox 1541 2772 1672 2795; x_wconf 87' lang='lat' dir='ltr'>curam</span> <span class='ocrx_word' id='word_1_322' title='bbox 1701 2761 1750 2795; x_wconf 89' lang='lat' dir='ltr'>de</span> 
     </span>
     <span class='ocr_line' id='line_1_41' title="bbox 257 2811 485 2858; baseline -0.013 -11"><span class='ocrx_word' id='word_1_323' title='bbox 257 2811 485 2858; x_wconf 81' lang='lat' dir='ltr'>praeceptis.</span> 
     </span>
    </p>
   </div>
  </div>
 </body>
</html>
