1909 3279
480 197 593 230 WAL
607 197 759 230 THER
790 198 863 231 OF
883 198 1225 239 AQUITAINE.
1559 214 1600 239 21

272 304 368 344 Sis?
399 313 468 344 aut
491 304 601 344 unde
622 305 738 343 uenis
769 305 790 327 *
822 305 843 327 *
875 305 896 327 *
927 319 1012 356 quo
1034 320 1207 357 pergere
1228 306 1394 346 tendis?
1410 306 1418 322 ’

273 369 411 409 Heros
433 369 723 420 magnanimus
745 370 958 421 respondit
980 370 1073 409 talia
1090 371 1232 410 dicens
1250 386 1256 410 :

137 446 215 483 590
271 434 454 485 ‘Sponte
475 442 543 473 tua
566 433 706 473 uenias
727 448 779 472 an
802 434 881 473 huc
903 443 941 474 te
963 435 1116 474 miserit
1139 436 1255 482 ullus,

267 497 381 537 Scire
403 497 555 537 uelim.’
613 498 785 538 camelo
806 506 904 538 tunc
926 499 1106 538 reddidit
1128 514 1198 539 ore
1219 500 1424 552 superbo:

268 562 416 602 ‘Noris
439 562 715 602 Guntharium
742 577 883 614 regem
906 564 1050 602 tellure
1072 573 1281 615 potentem

267 628 338 667 Me
359 627 519 667 misisse
539 636 629 667 tuas
650 628 881 679 quaesitum
905 642 1080 680 pergere
1101 629 1271 668 causas.'

322 692 400 731 His
421 692 659 732 auscultatis
679 702 946 744 suggesserat
967 693 1046 732 hoc
1067 694 1309 733 adolescens
1327 709 1333 732 :

133 769 208 806 595
266 762 274 775 ‘
292 757 446 807 Ignoro
467 757 643 808 penitus,
665 757 766 808 quid
788 771 894 808 opus
915 757 965 797 sit
986 757 1088 797 forte
1110 759 1257 798 uiantis

265 820 444 861 Scrutari
468 835 612 861 causas
631 837 638 860 :
669 822 743 861 sed
765 836 957 873 promere
980 836 1060 861 non
1082 823 1349 875 trepidamus.

265 886 520 925 &Valtharius
542 900 682 932 uocor,
705 900 754 925 ex
778 887 996 938 Aquitanis
1017 902 1107 926 sum
1130 897 1362 938 generatus.

265 949 303 987 A
324 949 512 1000 genitore
536 963 630 988 meo
651 950 841 989 modicus
863 964 967 1002 puer
987 951 1143 990 obsidis
1165 965 1266 1002 ergo

265 1013 365 1053 Sum
389 1014 510 1053 datus
531 1014 584 1053 ad
609 1015 770 1061 Hunos,
793 1014 846 1053 ibi
869 1015 952 1053 uixi
974 1029 1167 1067 nuncque
1188 1016 1335 1055 recessi

131 1081 209 1116 600
264 1078 528 1130 Concupiens
550 1079 722 1130 patriam
741 1080 992 1131 dulcemque
1013 1080 1192 1119 reuisere
1212 1082 1406 1131 gentem.’

265 1143 418 1182 Missus
438 1144 490 1182 ad
513 1144 615 1182 haec
633 1148 640 1162 ‘
659 1144 730 1183 tibi
752 1144 831 1183 iam
854 1144 988 1184 dictus
1010 1158 1083 1196 per
1104 1159 1170 1183 me
1191 1145 1302 1184 iubet
1325 1145 1459 1190 heros,

266 1206 322 1245 Ut
342 1220 435 1245 cum
458 1206 658 1246 scriniolis
680 1207 858 1258 equitem
883 1208 958 1246 des
979 1217 1105 1259 atque
1126 1208 1304 1259 puellam
1323 1222 1330 1247 :

263 1270 389 1321 Quod
410 1271 443 1310 si
465 1280 683 1323 promptus
705 1272 805 1323 agis,
828 1273 954 1311 uitam
978 1273 1179 1312 concedet
1201 1281 1240 1311 et
1260 1274 1397 1312 artus!

316 1336 570 1375 Waltharius
591 1345 733 1375 contra
754 1336 930 1376 fidenter
950 1337 1119 1388 protulit
1139 1337 1214 1376 ista

127 1402 204 1449 605
264 1400 460 1440 ‘Stultius
482 1400 648 1440 effatum
671 1415 738 1440 me
759 1415 840 1440 non
861 1401 1026 1441 audisse
1046 1402 1274 1453 sophistam

262 1465 465 1504 Arbitror.
524 1479 574 1505 en
596 1480 815 1512 memoras,
838 1467 952 1517 quod
974 1466 1165 1518 princeps
1186 1466 1326 1505 nescio
1347 1466 1411 1504 uel
1433 1466 1524 1516 quis

263 1529 487 1576 Promittat‚
510 1531 624 1582 quod
649 1544 730 1569 non
752 1531 898 1570 retinet
915 1545 991 1570 nec
1011 1531 1094 1570 sors
1115 1530 1315 1570 retinebit.

261 1595 329 1632 An
349 1594 453 1633 deus
475 1603 547 1641 est,
570 1604 613 1634 ut
634 1595 720 1634 iure
742 1596 841 1634 mihi
863 1596 1091 1634 concedere
1113 1595 1237 1635 uitam

263 1659 430 1699 Possit?
462 1674 559 1698 num
583 1660 772 1699 manibus
793 1660 955 1711 tetigit?
988 1674 1085 1698 num
1109 1673 1272 1699 carcere
1292 1659 1409 1699 trusit

127 1725 206 1762 610
263 1723 341 1762 Uel
362 1733 457 1775 post
477 1733 595 1776 terga
616 1738 728 1763 meas
749 1724 864 1764 torsit
885 1739 959 1776 per
980 1725 1143 1763 uincula
1163 1723 1351 1776 palmas?

260 1789 457 1828 Attamen
479 1790 665 1828 ausculta
684 1804 691 1828 :
721 1789 754 1829 si
775 1803 842 1828 me
863 1789 1086 1829 certamine
1106 1790 1284 1835 laxat,—

259 1853 442 1905 Aspicio,
466 1854 637 1894 serratus
658 1855 787 1901 adest,
809 1854 860 1893 ad
883 1854 1038 1906 proelia
1059 1854 1234 1893 uenit—-

258 1918 454 1957 Armillas
475 1927 641 1958 centum
663 1919 716 1957 de
737 1919 863 1958 rubro
883 1919 1040 1970 quippe
1061 1919 1229 1958 metallo

259 1983 406 2022 Factas
428 1983 714 2030 transmittam,
738 1997 823 2035 quo
844 1997 996 2022 nomen
1018 1984 1126 2035 regis
1148 1984 1374 2022 honorem.’

124 2050 200 2097 615
311 2048 400 2086 Tali
421 2061 623 2099 responso
644 2048 888 2088 discesserat
907 2048 972 2087 ille
988 2056 1166 2099 recepto.

260 2112 516 2164 Principibus
538 2121 674 2152 narrat
694 2113 809 2164 quod
831 2113 999 2164 protulit
1020 2122 1144 2164 atque
1165 2112 1398 2164 resumpsit.

257 2175 375 2214 Tunc
400 2177 580 2227 Hagano
596 2176 649 2214 ad
671 2189 811 2228 regem
829 2191 835 2215 :
869 2180 1125 2227 ‘porrectam
1147 2175 1311 2227 suscipe
1331 2189 1489 2226 gazam.

258 2240 351 2279 Hac
371 2241 480 2291 potis
501 2255 544 2279 es
565 2241 775 2287 decorare,
797 2249 925 2292 pater,
948 2249 1083 2280 tecum
1107 2240 1349 2279 comitantes
1370 2255 1376 2286 ;

258 2305 311 2344 Et
331 2305 460 2344 modo
481 2306 534 2344 de
556 2319 698 2356 pugna
718 2306 898 2357 palmam
921 2319 1116 2344 reuocare
1137 2313 1359 2344 memento.

123 2371 201 2407 620
258 2369 432 2420 Ignotus
454 2370 526 2409 tibi
547 2370 805 2409 Waltharius
827 2378 866 2409 et
887 2369 1067 2408 maxima
1089 2369 1232 2408 uirtus.

256 2434 313 2473 Ut
333 2434 433 2473 mihi
454 2434 672 2486 praeterita
692 2434 904 2486 portendit
925 2434 1028 2473 uisio
1050 2443 1183 2480 nocte,

255 2499 363 2545 Non,
385 2499 418 2538 si
440 2499 708 2546 conserimus,
730 2512 805 2538 nos
826 2512 1025 2551 prospera
1046 2507 1191 2538 cuncta
1211 2506 1448 2549 sequentur.

256 2563 401 2602 Uisum
425 2564 582 2615 quippe
603 2563 702 2602 mihi
723 2572 763 2603 te
784 2563 1041 2603 colluctarier
1062 2576 1170 2610 urso,

256 2627 337 2678 Qui
359 2637 454 2680 post
475 2628 686 2668 conflictus
707 2628 857 2680 longos
878 2628 949 2668 tibi
971 2628 1181 2667 mordicus
1203 2641 1329 2666 unum

123 2694 199 2741 625
257 2692 362 2732 Crus
383 2706 477 2731 cum
499 2693 655 2744 poblite
675 2693 727 2732 ad
750 2706 882 2744 usque
902 2692 1034 2731 femur
1055 2693 1317 2743 decerpserat
1340 2704 1461 2729 omne
1484 2706 1486 2708 ·

139 2829 202 2870 588
219 2828 370 2863 inuenis
390 2830 543 2873 P.—590
559 2830 633 2864 huc
651 2841 699 2863 an
719 2831 870 2863 P.—618
887 2836 924 2863 te
942 2840 1104 2864 concon]
1123 2829 1262 2862 itantes
1282 2829 1320 2862 P.
