1909 3279
71 643 146 679 515

75 1288 149 1325 525

74 1613 151 1650 530

75 1936 149 1973 535

76 2259 153 2295 540

79 2577 153 2614 545

416 198 528 231 WAL
543 198 694 231 THEA’
724 198 797 231 01³
817 198 853 230 A
863 198 897 239 Q
907 198 967 231 Ul
976 198 1042 231 ΤΛ
1053 198 1163 231 [NE.

205 307 406 346 Instanter
427 315 615 345 cunctam
638 305 744 344 circa
765 306 936 356 explora
960 305 1200 356 regionem)

207 372 323 410 Haec
343 370 396 409 ait
417 379 541 421 atque
562 370 704 409 oculos
726 371 984 408 concluserat
1005 370 1092 421 ipse
1115 370 1286 409 nitentes

206 436 377 486 Iamque
398 434 469 474 diu
490 434 588 473 satis
610 442 750 485 optata
771 434 914 473 fruitur
935 435 1132 485 requiete.

258 501 334 539 Ast
356 499 425 538 ubi
448 499 704 538 Guntharius
726 499 899 549 uestigia
921 499 1090 550 puluere
1113 499 1226 542 uidit.

204 564 483 616 Cornipedem
508 563 699 615 rapidum
723 563 858 602 saeuis
879 563 1104 602 calcaribus
1127 573 1245 613 urget

207 629 493 679 Exultansque
514 628 659 667 animis
681 628 827 667 frustra
848 628 904 666 sic
926 627 1030 667 satur
1051 628 1104 666 ad
1126 641 1244 667 auras
1264 643 1269 666 :

204 694 459 732 ‘Accelerate
481 693 568 739 uiri,
591 693 668 731 iam
693 706 800 731 nunc
821 693 990 744 capietis
1012 693 1189 731 eundem
1210 707 1216 730 :

205 759 444 809 Numquam
468 758 594 797 hodie
615 758 798 808 effugiet,
821 757 951 796 furata
972 758 1121 796 talenta
1143 757 1371 808 relinquet.'

206 823 374 862 Inclitus
396 831 435 862 at
459 823 639 873 Hagano
660 831 802 861 contra
823 836 919 860 mox
943 822 1124 860 reddidit
1146 822 1242 860 ista:

205 894 211 906 ⁸
231 888 369 927 Unum
392 888 487 926 dico
504 887 575 926 tibi
597 901 742 938 regum
766 886 986 926 fortissime
1008 896 1165 925 tantum
1183 901 1189 924 :

204 952 247 992 Si
270 952 417 991 totiens
438 961 481 991 tu
503 951 778 991 &Valtharium
801 965 1010 1003 pugnasse
1031 951 1194 990 uideres

205 1016 345 1066 Atque
367 1029 474 1054 noua
495 1015 644 1054 totiens
665 1015 856 1067 quotiens
879 1028 958 1064 ego
980 1014 1108 1053 caede
1129 1014 1342 1059 furentem,

205 1081 444 1131 Numquam
468 1088 550 1119 tam
573 1079 688 1118 facile
709 1079 972 1131 spoliandum
996 1079 1098 1118 forte
1120 1087 1297 1130 putares.

206 1145 301 1184 Uidi
327 1145 566 1191 Pannonias,
585 1144 693 1183 acies
714 1158 807 1183 cum
831 1144 936 1183 bella
957 1144 1110 1182 cierent

205 1210 359 1249 Contra
380 1210 641 1261 aquilonares
661 1210 749 1249 siue
770 1210 968 1249 australes
990 1209 1181 1260 regiones
1200 1223 1206 1246 :

211 1275 295 1313 Illic
316 1274 574 1314 Waltharius
596 1274 765 1326 propria
785 1274 934 1313 uirtute
955 1287 1148 1312 coruscus

208 1340 410 1379 Hostibus
432 1339 588 1378 inuisus
608 1339 729 1378 sociis
752 1339 961 1378 mirandus
983 1338 1123 1377 obibat
1141 1352 1148 1376 ι

206 1404 406 1456 Quisquis
428 1405 464 1444 ei
486 1418 734 1456 congressus
757 1412 854 1450 erat,
878 1417 975 1442 mox
997 1411 1144 1442 tartara
1167 1402 1280 1441 uidit.

206 1472 244 1510 O
267 1484 338 1509 rex
361 1478 400 1509 et
421 1470 593 1509 comites
614 1478 787 1521 experto
809 1469 975 1515 credite,
998 1477 1176 1520 quantus
1222 1497 1225 1500 -

210 1536 256 1573 In
277 1535 455 1586 clipeum
478 1542 633 1585 surgat,
655 1543 810 1585 quanta
832 1533 870 1572 ui
892 1540 1083 1584 torqueat
1103 1533 1290 1571 hastam!

207 1600 292 1639 Sed
314 1600 412 1638 dum
438 1599 694 1639 Guntharius
717 1599 823 1638 male
843 1612 943 1637 sana
964 1606 1102 1637 mente
1122 1605 1317 1648 grauatus

208 1665 483 1716 Nequaquam
507 1664 614 1703 flecti
635 1672 788 1715 posset,
811 1663 951 1702 castris
972 1662 1234 1714 propiabant.

208 1729 264 1768 At
286 1729 429 1780 procul
450 1728 651 1780 aspiciens
676 1728 870 1778 Hiltgunt
891 1727 944 1766 de
966 1726 1118 1766 uertice
1140 1725 1290 1764 montis

209 1794 381 1832 Puluere
401 1794 566 1833 sublato
587 1793 799 1832 uenientes
820 1792 946 1831 sensit
967 1800 1006 1831 et
1027 1792 1161 1843 ipsum

208 1859 482 1897 waltharium
505 1858 670 1909 placido
691 1866 802 1897 tactu
823 1857 994 1908 uigilare
1015 1856 1220 1894 monebat.

209 1923 291 1974 Qui
313 1932 436 1974 caput
456 1923 647 1962 attollens
667 1930 881 1968 scrutatur,
903 1921 936 1960 si
958 1921 1049 1972 quis
1069 1920 1212 1959 adiret.

209 1988 381 2027 Eminus
402 1988 468 2026 illa
489 1988 611 2027 refert
631 1987 841 2039 quandam
871 1986 1042 2025 uolitare
1064 1985 1326 2037 phalangem.

209 2053 303 2104 Ipse
325 2053 467 2091 oculos
487 2060 617 2092 tersos
638 2052 772 2091 somni
792 2051 1054 2102 glaucomate
1075 2063 1257 2102 purgans

209 2115 405 2155 Paulatim
428 2115 586 2164 rigidos
608 2115 715 2154 ferro
737 2115 958 2154 uestiuerat
977 2122 1089 2153 artus

208 2181 350 2232 Atque
369 2194 543 2232 grauem
566 2193 706 2219 rursus
728 2193 914 2231 parmam
937 2178 1102 2230 collegit
1123 2185 1163 2216 et
1184 2177 1343 2216 hastam

210 2246 262 2284 Et
282 2245 429 2284 saliens
452 2259 603 2284 uacuas
624 2244 730 2283 ferro
751 2244 1055 2283 transuerberat
1076 2256 1196 2281 auras

209 2310 261 2349 Et
281 2310 390 2349 celer
410 2310 463 2348 ad
485 2323 670 2361 pugnam
693 2309 781 2348 telis
803 2308 976 2360 prolusit
996 2320 1191 2346 amaram.

208 2373 407 2412 Cominus
429 2386 524 2412 ecce
545 2380 807 2411 coruscantes
829 2371 975 2409 mulier
995 2370 1107 2409 uidet
1129 2370 1267 2408 hastas

209 2437 272 2475 Ac
292 2436 521 2487 stupefacta
543 2435 662 2474 nimis
681 2450 687 2474 :
721 2439 727 2453 ‘
747 2435 896 2473 Hunos
917 2434 982 2472 hic
996 2433 1005 2449 '
1027 2432 1158 2484 inquit
1185 2433 1432 2471 ‘habemuss

210 2500 256 2538 In
278 2509 514 2551 terramque
536 2499 690 2537 cadens
711 2497 856 2537 effatur
877 2497 970 2536 talia
991 2496 1137 2536 tristis:

211 2565 436 2611 ‘Obsecro‚
459 2564 514 2603 mi
535 2563 682 2609 senior,
704 2562 845 2614 gladio
866 2575 958 2600 mea
975 2561 1079 2600 colla
1099 2560 1256 2599 recide,

211 2629 279 2674 Ut,
301 2642 409 2679 quae
430 2642 513 2668 non
535 2628 668 2667 merui
691 2635 812 2679 pacto
833 2626 1015 2665 thalamo
1036 2624 1194 2671 sociari,

211 2693 373 2733 Nullius
394 2693 563 2733 ulterius
584 2692 716 2744 patiar
733 2691 938 2731 consortia
959 2689 1118 2729 carnis.'

210 2758 317 2796 Tum
340 2757 522 2797 iuuenis:
555 2762 700 2796 ‘cruor
720 2756 923 2795 innocuus
945 2769 1011 2794 me
1032 2753 1225 2794 tinxerit?
1243 2754 1250 2768 ‘
1273 2752 1403 2802 inquit

95 2837 156 2895 53}
175 2834 1109 2896 Es?—5341ube-2132ffP—54gge2e1xtuff3sss548
1127 2833 1337 2883 {innocuus
1359 2848 1382 2880 P

1492 211 1533 245 Ις)
