1909 3279
341 185 391 221 33
719 169 832 202 WAL
846 168 1000 201 THER
1028 166 1466 208 OFAQUJTAINE.

504 277 585 327 Qui
607 285 702 327 post
722 285 840 327 terga
860 290 983 314 ruens
1004 276 1224 314 clamorem
1247 274 1432 326 prodidit
1452 282 1585 312 atrum

500 341 776 391 Exiciumque
796 340 941 379 dolens
963 339 1153 391 pulsabat
1173 339 1352 390 calcibus
1373 352 1534 377 aruum.

505 405 627 442 Hunc
650 403 769 442 etiam
792 411 982 442 truncum
1005 416 1124 441 caesa
1145 401 1306 440 ceruice
1327 400 1501 451 reliquit.

370 482 449 517 940
507 469 587 506 Hic
608 468 646 506 in
669 467 929 506 WVormatiae
950 467 1108 517 campis
1130 480 1269 505 comes
1292 465 1424 504 extitit
1445 473 1551 503 ante.

556 533 673 571 Tunc
694 532 873 583 primum
899 531 1044 570 Franci
1066 539 1266 582 ceperunt
1286 530 1389 569 forte
1411 529 1562 568 morari

505 598 558 636 Et
578 597 739 648 magnis
761 596 953 648 precibus
974 595 1188 634 dominum
1212 595 1416 634 decedere
1438 608 1580 645 pugna

504 662 761 712 Deposcunt.
819 660 914 700 surit
934 661 999 699 ille
1021 660 1145 699 miser
1165 672 1395 710 caecusque
1417 658 1600 710 profatur
1619 673 1625 695 :

504 731 510 744 ¹
531 726 700 776 Quaeso
719 725 793 763 uiri
814 725 937 764 fortes
959 733 998 764 et
1019 733 1187 776 pectora
1207 738 1333 775 saepe
1360 723 1546 775 probata,

371 804 445 840 945
506 792 567 829 Ne
588 790 671 829 fors
693 790 795 828 haec
816 789 1061 839 cuicumque
1083 797 1238 828 metum
1264 789 1337 827 sed
1361 788 1543 826 conferat
1564 788 1678 825 iram.

504 855 616 905 Quid
639 854 750 901 mihi,
773 854 805 893 si
827 854 999 905 Vosago
1020 853 1077 892 sic
1097 853 1157 892 sic
1177 852 1377 904 inglorius
1397 852 1498 891 ibo?

503 921 687 958 Mentem
711 919 885 970 quisque
907 933 1041 957 meam
1065 918 1141 957 sibi
1163 918 1358 957 uindicet.
1417 931 1468 956 en
1489 931 1568 968 ego
1591 924 1737 967 partus

502 986 612 1023 Ante
634 984 737 1022 mori
759 998 863 1030 sum,
887 981 1164 1022 Wormatiam
1187 995 1312 1033 quam
1334 982 1485 1021 talibus
1506 981 1606 1021 actis

503 1049 728 1100 Ingrediar.
787 1057 901 1100 petat
921 1048 986 1086 hic
1008 1048 1179 1099 patriam
1202 1048 1288 1086 sine
1309 1046 1510 1098 sanguine
1533 1046 1663 1085 uictor
1681 1046 1698 1083 ?

368 1127 446 1164 950
503 1115 716 1152 Hactenus
735 1113 888 1152 arsistis
910 1112 1319 1164 hominemspoliare
1341 1111 1526 1158 metallis,

434 1177 436 1179 ’
502 1180 623 1216 Nunc
644 1179 787 1217 ardete
809 1178 883 1216 uiri
905 1178 1040 1216 fusum
1063 1177 1265 1216 mundare
1286 1190 1489 1223 cruorem,

502 1244 559 1282 Ut
579 1256 690 1281 mors
711 1242 924 1293 abstergat
947 1250 1136 1288 mortem,
1159 1241 1326 1293 sanguis
1348 1253 1517 1292 quoque
1537 1254 1740 1290 sanguem

501 1307 751 1358 Soleturque
772 1320 913 1345 necem
936 1306 1145 1345 sociorum
1169 1307 1291 1357 plaga
1312 1305 1521 1345 necantis.'

557 1371 632 1410 His
654 1371 836 1410 animum
859 1371 979 1411 dictis
1001 1371 1177 1410 demens
1196 1370 1380 1409 incendit
1401 1378 1441 1409 et
1462 1383 1610 1409 omnes

369 1450 443 1486 955
503 1437 674 1475 Fecerat
696 1436 946 1475 inmemores
968 1436 1077 1474 uitae
1097 1435 1219 1474 simul
1241 1443 1366 1486 atque
1386 1435 1542 1474 salutis.

500 1502 564 1539 Ac
585 1501 700 1539 uelut
719 1501 758 1539 in
780 1501 888 1539 ludis
908 1500 1031 1538 alium
1055 1513 1321 1551 praecurrere
1342 1499 1517 1550 quisque

499 1566 567 1604 Ad
592 1573 767 1604 mortem
789 1565 959 1611 studuit,
981 1565 1055 1604 sed
1077 1564 1232 1611 semita,
1256 1573 1300 1604 ut
1320 1573 1441 1603 antea
1461 1564 1563 1609 dixi,

504 1631 693 1681 Cogebat
714 1630 833 1669 binos
855 1630 964 1669 bello
983 1629 1177 1668 decidere
1197 1630 1321 1668 solos.
1489 1633 1491 1637 “

500 1696 576 1734 Uir
595 1703 734 1734 tamen
755 1695 920 1734 illustris
941 1696 1041 1733 dum
1065 1694 1244 1733 cunctari
1265 1694 1381 1733 uidet
1401 1694 1502 1740 illos,

368 1763 444 1809 960
502 1760 669 1799 Uertice
690 1760 905 1799 distractas
926 1759 1144 1811 suspendit
1165 1759 1204 1797 in
1225 1760 1374 1798 arbore
1395 1759 1540 1797 cristas

502 1825 556 1863 Et
575 1833 745 1863 uentum
768 1833 937 1876 captans
957 1825 1153 1863 sudorem
1176 1824 1289 1863 tersit
1309 1823 1495 1862 anhelus.

557 1888 665 1925 Ecce
685 1887 903 1938 repentino
927 1887 1116 1926 Randolf
1129 1887 1282 1926 athleta
1303 1887 1465 1925 caballo

504 1952 771 1990 Praeuertens
793 1952 973 2002 reliquos
994 1952 1105 1990 hunc
1125 1942 1369 2003 inportunus
1390 1947 1520 1990 adiuit

503 2017 566 2054 Ac
589 2030 687 2055 mox
708 2016 858 2056 serrato
878 2016 993 2068 petiit
1014 2017 1090 2056 sub
1112 2025 1282 2068 pectore
1303 2024 1439 2055 conto.

369 2084 444 2130 965
503 2081 555 2120 Et
575 2081 651 2119 nisi
672 2081 826 2120 duratis
848 2081 1069 2120 Welandia
1090 2081 1241 2120 fabrica
1260 2081 1360 2132 giris

506 2146 712 2192 Obstaret‚
735 2146 871 2196 spisso
890 2146 1167 2197 penetrauerit
1188 2146 1254 2184 ilia
1274 2146 1400 2197 ligno.

561 2210 633 2248 Ille
654 2218 792 2248 tamen
813 2210 950 2249 subito
971 2210 1224 2262 stupefactus
1246 2211 1373 2249 corda
1393 2223 1552 2261 pauore

507 2274 725 2313 Munimen
746 2270 865 2325 clip'ei
887 2274 1037 2314 obiecit
1057 2284 1324 2325 mentemque
1345 2274 1521 2326 recepit:

508 2339 545 2376 N
550 2352 598 2377 ec
617 2347 755 2377 tamen
777 2347 817 2377 et
835 2339 998 2389 galeam
1022 2338 1151 2378 fuerat
1171 2332 1399 2390 sumpsisse
1418 2338 1603 2378 facultas,

376 2415 454 2451 970
510 2403 692 2441 Francus
713 2411 754 2441 at
775 2403 924 2442 emissa
944 2403 1130 2454 gladium
1154 2404 1384 2442 nudauerat
1404 2404 1522 2442 hasta

511 2468 563 2506 Et
583 2467 729 2506 feriens
750 2467 868 2506 binos
890 2468 1086 2517 Aquitani
1108 2468 1261 2507 uertice
1281 2467 1414 2506 crines

509 2531 688 2578 Abrasst,
710 2531 785 2570 sed
806 2531 908 2570 forte
930 2540 1064 2571 cutem
1088 2532 1391 2583 praestringere
1411 2544 1617 2571 summam
1643 2577 1645 2579 Ι

510 2597 606 2635 Non
627 2595 738 2635 licuit
759 2608 1006 2646 rursumque
1025 2596 1148 2634 alium
1166 2596 1402 2636 uibrauerat
1423 2596 1546 2635 ictum

512 2661 563 2699 Et
585 2674 784 2712 praeceps
805 2660 929 2698 animi
950 2660 1108 2699 directo
1129 2661 1362 2700 obstamine
1381 2660 1485 2699 scuti

391 2776 453 2807 937
483 2747 808 2808 acrum—*Piss938i-
827 2747 1075 2808 Eiziiiufiiique
1106 2748 1254 2808 P.ss—941
1286 2748 1496 2808 coeperunt
1515 2748 1677 2809 VIR—955
1709 2748 1845 2800 imme-

347 2831 473 2853 mores
493 2821 642 2863 P.—962
661 2821 813 2854 cauallo
833 2821 983 2863 P.—966
1001 2825 1272 2862 penetrauerat
1291 2821 1329 2854 Ρ.
