1909 3279
436 189 551 224 WAL
568 189 719 223 'l'HER
748 190 821 224 OF
840 191 876 222 A
887 190 1188 231 QUJT.-1l.Vl:'.
1478 204 1546 240 107

53 297 178 349 quieti
210 297 391 343 indulsit,
424 297 492 336 ubi
522 311 573 336 ex
604 297 783 349 querelis
811 311 978 336 suorum
1004 298 1200 337 intellexit
1228 298 1447 348 VVyslaum
1481 298 1551 336 ‹le-

54 375 210 408 corum,
242 361 468 414 principem
493 362 828 412 Wysliciensem,
858 362 896 400 in
926 362 987 400 sui
1018 362 1202 402 absentia
1232 362 1317 401 suis
1347 362 1548 413 quasdam

52 426 218 478 injurias
257 426 475 477 irrogasse.
553 426 668 476 Quas
702 439 829 477 grave
869 426 921 465 ad
961 426 1144 465 animum
1187 440 1396 472 revocans,
1428 439 1551 465 causa

55 490 276 530 ulciscendi
298 499 440 530 contra
456 491 678 542 Wyslaum
703 491 889 541 insurgit,
912 500 951 530 et
977 488 1142 548 tandssm
1168 505 1259 529 cuin
1284 506 1333 530 eo
1355 491 1550 539 confligit,

52 555 186 601 vincit,
210 555 461 606 victumque,
493 563 537 594 ut
566 555 839 606 praemissum
872 564 946 601 est,
973 556 1012 594 in
1043 555 1249 606 profundo
1280 556 1400 594 turris
1431 555 1549 595 castri

52 619 290 659 Tinecensis
311 619 524 659 custodiae
546 619 737 658 carcerali
760 619 932 671 deputat
953 629 1261 671 mancupatum.

109 685 205 723 Post
218 684 399 735 aliquam
415 692 428 715 ⁵
448 697 547 723 vero
561 684 761 735 temporis
775 685 1073 723 revolutionem
1090 685 1141 723 ad
1166 670 1422 757 exercendiss
1437 693 1551 723 actus

51 749 231 795 bellicos,
249 762 362 787 more
377 748 636 788 militantium
653 749 928 800 peragendos,
943 758 1122 788 remotas
1138 763 1262 800 perag
1272 758 1331 788 rat
1346 749 1548 798 regiones.

0 820 8 827 ‘
54 813 106 852 Et
127 827 218 852 cum
239 813 415 852 duorum
439 827 639 852 annorum
659 813 745 864 ejus
768 813 977 852 absentiae
995 814 1170 852 circulus
1185 814 1270 865 jam
1295 814 1549 855 revolvisset.

55 878 282 929 Helgunda
312 878 365 916 de
396 878 528 917 mariti
557 878 741 917 absentia
772 878 941 916 nimium
974 873 1150 941 asu‘xiata,
1180 879 1341 917 cuidam
1375 879 1548 929 puellae,

50 942 124 981 sibi
146 943 400 988 secretariae,
420 943 533 982 vultu
550 943 758 982 submisso
780 943 931 982 referre
949 942 991 982 fit
1012 943 1238 994 compulsa,
1257 957 1455 989 asserens,
1475 957 1549 981 nec

51 1007 195 1046 viduas
226 1020 301 1046 nec
331 1007 540 1046 maritatas
571 1021 673 1054 esse,
696 1016 893 1058 reputans
924 1008 1022 1054 illas,
1045 1021 1152 1058 quae
1183 1007 1276 1046 viris
1307 1007 1481 1046 strenuis
1510 1016 1549 1046 et

50 1071 250 1110 bellorum
274 1071 499 1111 certamina
519 1072 810 1123 indagantibus
833 1071 1187 1111 matrimonialiter
1216 1072 1547 1110 commiscentur.

51 1136 279 1175 Secretaria
300 1150 412 1183 vero,
435 1136 630 1176 dominae
656 1150 756 1176 suae
777 1137 1006 1176 luctuosam
1039 1137 1233 1188 inopiam,
1257 1151 1332 1188 pro
1353 1137 1548 1188 qualitate

52 1200 251 1252 temporis
300 1215 555 1253 perpessam,
605 1202 766 1253 pudore
815 1201 1078 1253 proditionali
1128 1202 1315 1252 protinus
1372 1201 1546 1252 abjecto.

51 1265 221 1317 cupiens
255 1266 449 1313 revelare,
485 1266 704 1317 Wyslaum
739 1266 968 1318 principem
1002 1266 1241 1317 Wysliciae,
1278 1265 1433 1304 formae
1468 1266 1546 1304 ele-

50 1330 316 1381 gantissimae
346 1339 385 1370 et
415 1345 589 1382 corpore
616 1339 850 1377 venustum,
874 1331 913 1369 in
943 1340 1111 1382 aspectu
1143 1331 1355 1377 decorum,
1379 1331 1417 1368 in
1447 1330 1546 1369 turri

51 1395 213 1434 nunciat
235 1395 514 1447 mancipatum
532 1410 539 1441 3
570 1396 801 1447 suadetque
824 1395 983 1441 misera,
1002 1404 1045 1435 ut
1066 1396 1199 1446 ipsum
1219 1396 1271 1434 de
1288 1395 1398 1439 turri,
1417 1395 1548 1434 noctis

50 1460 126 1498 sub
157 1460 337 1507 silencio,
369 1460 528 1499 extrahi
555 1460 709 1512 jubeat,
733 1469 772 1500 et
801 1461 949 1499 votivis
981 1461 1241 1512 amplexibus
1272 1460 1470 1501 debriata,
1493 1459 1545 1497 ad

49 1524 176 1562 imma
222 1525 342 1564 turris
382 1525 525 1564 iterum
576 1534 693 1564 caute
737 1525 927 1564 remittat.
1016 1526 1145 1564 Favet
1184 1525 1249 1563 illa
1287 1524 1547 1563 suasionibus

49 1589 302 1637 secretariae,
325 1598 365 1629 et
394 1590 635 1641 periculosis
657 1590 873 1629 eventibus
903 1590 1148 1640 angustiata,
1170 1590 1293 1628 vitam
1326 1598 1365 1628 et
1395 1589 1543 1627 famam

51 1653 220 1693 honoris
255 1668 466 1706 exponere
501 1668 583 1693 non
618 1663 818 1700 metuens,
855 1655 1076 1705 Wyslaum
1113 1655 1166 1693 de
1206 1654 1333 1693 immo
1372 1653 1547 1692 carceris

50 1719 207 1758 extrahi
231 1719 443 1771 praecipit.
504 1720 602 1771 Ejus
624 1720 714 1758 viso
735 1720 898 1758 decoris
929 1728 1097 1770 aspectu
1121 1719 1292 1758 nimium
1323 1718 1545 1764 admirans,

49 1784 298 1823 laetabunda
318 1784 501 1831 efficitur,
519 1798 594 1823 nec
611 1785 745 1836 ipsum
763 1785 918 1823 amodo
935 1784 987 1823 ad
1005 1784 1129 1822 imma
1142 1784 1263 1823 turris
1282 1783 1455 1829 mittere,
1473 1783 1545 1821 sed

50 1861 142 1887 curn
166 1848 257 1900 ipso
278 1849 428 1900 potius,
452 1849 515 1887 cui
531 1849 617 1900 jam
639 1848 829 1887 sodalitio
850 1849 1016 1887 foedere
1037 1848 1191 1887 sociata
1216 1857 1255 1887 et
1276 1847 1546 1886 indissolubili

49 1913 199 1952 amoris
221 1913 385 1952 vinculo
415 1913 706 1964 compaginata
727 1922 799 1959 est,
822 1913 875 1952 ad
898 1913 1040 1951 urbem
1064 1913 1380 1964 Wysliciensem
1406 1912 1543 1963 fugam

48 1976 148 2016 inire
169 1977 306 2029 elegit,
325 1977 479 2029 proprii
500 1977 574 2016 viri
595 1978 716 2017 thoro
738 1992 908 2029 prorsus
925 1978 1135 2017 derelicto.
1185 1978 1253 2017 Sic
1271 1977 1471 2028 Wyslaus
1493 1976 1545 2015 ad

49 2041 215 2093 propria
246 2051 413 2088 remeat,
447 2042 655 2093 duplicem
690 2056 733 2081 se
765 2056 935 2093 sperans
968 2042 1121 2081 habere
1153 2042 1430 2093 triumphum:
1473 2041 1544 2092 qui

49 2114 186 2145 tamen
206 2107 246 2145 in
267 2115 415 2146 eventu
439 2106 568 2145 dubio
583 2107 746 2158 utrique
767 2107 876 2145 necis
898 2107 1147 2158 apportabat
1168 2107 1386 2145 interitum.
1437 2107 1542 2144 Nam

50 2179 144 2222 post
164 2171 463 2214 revolutionem
487 2171 622 2210 brevis
643 2171 853 2222 temporis,
872 2172 1084 2210 Walterus
1105 2171 1158 2210 ad
1179 2171 1348 2222 propria
1370 2170 1545 2213 rediens,

51 2248 73 2273 a
94 2235 370 2274 castrensibus
400 2235 640 2282 sciscitatur,
663 2249 735 2274 cur
758 2236 984 2287 Helgunda
1013 2236 1158 2275 saltem
1181 2236 1233 2274 ad
1256 2236 1396 2274 valvas
1427 2234 1545 2273 castri

50 2299 126 2339 sibi
165 2314 248 2339 non
289 2300 465 2339 occurrit
504 2300 543 2338 in
581 2314 658 2339 suo
696 2300 884 2351 jucundo
923 2300 1133 2339 adventu?
1184 2301 1222 2338 A
1262 2300 1413 2351 quibus
1452 2313 1544 2337 cum

52 2364 273 2411 didicisset,
303 2365 478 2416 qualiter
505 2365 705 2416 Wyslaus
745 2365 798 2404 de
829 2365 957 2403 immo
991 2365 1124 2411 turris,
1161 2365 1380 2404 custodum
1422 2364 1546 2402 fretus

51 2429 214 2476 auxilio,
238 2429 440 2476 exsiliens,
461 2430 730 2481 Helgundam
753 2443 892 2468 secum
915 2438 1178 2481 asportasset,
1202 2430 1288 2481 ipse
1310 2429 1436 2467 nimio
1458 2429 1546 2467 zelo

50 2493 194 2533 furoris
242 2495 435 2546 repletus,
476 2486 620 2533 versus
659 2494 902 2545 Wysliciam
944 2495 1088 2534 festine
1136 2502 1342 2546 properat,
1383 2493 1545 2532 casibus

51 2555 224 2596 fortuitis
254 2571 298 2596 se
319 2565 359 2596 et
379 2571 453 2596 sua
483 2571 694 2609 exponere
725 2571 807 2596 non
837 2571 1076 2609 pavescens,
1100 2557 1329 2608 urbemque
1351 2555 1544 2606 W'yslici-

51 2634 190 2660 ensem
240 2622 447 2673 insperate
499 2622 741 2673 ingreditur,
791 2622 969 2672 VVyslao
1015 2630 1190 2673 protunc
1238 2630 1351 2660 extra
1402 2620 1543 2658 urbem

53 2685 259 2725 venationi
280 2686 503 2725 insistente.

107 2750 272 2800 Quem⁶
294 2751 520 2802 Helgunda
542 2750 581 2789 in
611 2751 756 2789 urbem
778 2750 1048 2802 conspiciens,
1071 2751 1107 2789 ei
1137 2750 1280 2789 festine
1311 2749 1486 2788 occurrit
1508 2758 1546 2787 et

96 2827 156 2885 {ii
180 2828 250 2877 lias
268 2844 334 2877 the
352 2828 780 2886 heading-:Quomodo
800 2828 1204 2886 Helgu1idassresptxit
1219 2843 1501 2876 Valterum.—6
1524 2842 1545 2874 ii

53 2896 121 2931 has
139 2898 205 2932 the
223 2898 651 2941 heading—Quomodo
678 2899 890 2942 Helgunda
915 2898 1070 2941 decepit
1088 2898 1302 2932 Valterum.

1654 464 1765 522 {cs

1643 657 1723 721 se

1626 847 1733 923 sim
