1909 3279
123 304 199 349 665

122 627 201 673 670

123 1273 202 1309 680

128 1595 205 1641 685

128 1916 208 1962 690

129 2569 205 2606 7ΟΟ

469 189 581 223 nm„
596 189 748 222 THER
777 190 850 223 OF
871 190 905 222 A
917 191 1212 231 ()('l'l'.-ll.x'l2'.

1537 208 1565 241 'M

257 296 555 348 ‘Amplificabis
570 295 579 306 ’
600 297 655 336 ait
677 302 683 315 ‘
702 297 872 342 donum,
895 297 992 335 (lum
1015 298 1162 336 scrinia
1184 299 1343 349 pandis.

255 364 557 403 Consummare
579 361 725 400 etenim
749 375 962 400 sermones
984 376 1091 400 nunc
1113 363 1208 400 uolo
1229 373 1419 402 cunctos:

258 428 342 466 Aut
363 426 548 477 quaesita
569 425 698 471 dabis,
721 434 790 465 aut
812 426 935 465 uitam
959 427 1158 477 sanguine
1180 427 1353 466 fundes)

256 492 323 531 Sic
344 491 398 530 ait
419 499 458 530 et
479 490 678 542 triplicem
702 490 878 541 clipeum
902 491 1065 541 collegit
1088 491 1125 529 in
1148 493 1281 530 ulnam

259 557 311 595 Et
332 555 515 607 crispans
536 555 681 594 hastile
704 554 857 593 micans
881 555 918 593 ui
941 556 1079 594 nititur
1098 556 1221 595 omni.

258 622 320 660 Ac
342 620 447 659 iacit.
505 627 545 658 at
566 619 725 658 iuuenis
746 619 903 658 deuitat
924 620 1080 658 cautior
1101 620 1237 659 ictum.

259 687 391 725 Hasta
412 685 557 723 uolans
579 697 696 722 casso
718 684 904 722 tellurem
928 685 1097 723 uulnere
1120 685 1282 724 mordit.

310 748 565 789 Waltharius
587 748 754 788 tandem
773 763 779 787 :
812 748 867 787 ‘si
888 748 945 787 sic
967 749 1127 800 placet,’
1151 749 1280 800 inquit
1302 755 1308 768 ‘
1327 754 1525 800 agamus?

259 816 311 854 Et
330 814 452 854 simul
474 813 513 852 in
535 813 653 852 dictis
675 813 833 851 hastam
857 813 1087 852 transmisit.
1145 823 1183 853 at
1205 814 1268 853 illa

261 881 334 919 Per
354 880 516 918 laeuum
539 879 643 917 latus
666 877 857 916 umbonis
880 878 1066 917 transiuit
1087 888 1126 917 et
1147 893 1242 918 ecce

261 945 441 984 Palmam
465 957 547 994 qua
570 943 742 982 Camelo
764 956 1003 981 mucronem
1026 943 1203 982 educere
1225 945 1332 995 cepit

257 1009 440 1050 Confixit
460 1007 604 1047 femori
626 1016 932 1058 transpungens
953 1016 1068 1057 terga
1089 1008 1244 1047 caballi.

259 1075 346 1113 Nec
367 1086 494 1118 mora,
516 1073 616 1111 dum
640 1072 788 1110 uulnus
809 1071 935 1110 sensit
955 1072 1133 1123 sonipes,
1156 1072 1248 1112 furit
1268 1083 1391 1124 atque

262 1138 487 1178 Excutiens
509 1137 680 1176 dorsum
702 1149 905 1175 sessorem
928 1145 1110 1175 sternere
1131 1145 1301 1188 temptat

262 1205 314 1243 Et
335 1203 472 1242 forsan
493 1201 656 1247 faceret,
674 1200 713 1239 ni
734 1201 875 1239 lancea
896 1201 977 1239 fixa
999 1209 1167 1240 teneret.

314 1269 475 1307 Interea
496 1279 681 1318 parmam
705 1266 878 1305 Camelo
899 1265 1053 1304 dimisit
1075 1275 1113 1305 et
1136 1266 1294 1305 hastam

257 1333 499 1384 Conplexus
520 1331 613 1370 leua
633 1330 781 1381 satagit
802 1330 998 1368 diuellere
1019 1330 1221 1369 dextram.

261 1397 389 1448 Quod
411 1410 508 1435 mox
531 1395 782 1447 perspiciens
805 1394 928 1433 currit
948 1395 1239 1433 celeberrimus
1262 1395 1382 1434 heros

262 1461 315 1500 Et
336 1460 445 1512 pede
467 1472 693 1510 conpresso
714 1458 863 1509 capulo
885 1465 1001 1496 tenus
1024 1457 1172 1508 ingerit
1193 1472 1345 1500 ensem,

264 1526 401 1576 Quem
422 1524 544 1563 simul
567 1523 747 1562 educens
770 1523 927 1561 hastam
949 1523 1003 1560 de
1026 1523 1194 1561 uulnere
1214 1523 1347 1562 traxit.

262 1591 381 1628 Tunc
402 1602 534 1640 equus
555 1596 594 1627 et
615 1586 809 1626 dominus
832 1587 932 1625 hora
954 1586 1141 1625 cecidere
1161 1587 1238 1625 sub
1261 1601 1352 1626 una.

315 1655 371 1693 At
391 1654 489 1692 dum
513 1652 616 1691 forte
638 1665 767 1703 nepos
790 1660 1063 1702 conspexerat
1085 1651 1164 1690 hoc
1186 1652 1433 1695 Camelonis,

263 1719 389 1758 Filius
410 1718 539 1770 ipsius
563 1716 690 1756 Kimo
712 1715 961 1767 cognomine
982 1715 1123 1761 fratris,

263 1784 400 1835 Quem
422 1782 601 1822 referunt
621 1780 791 1832 quidam
815 1779 1144 1819 Scaramundum
1168 1780 1333 1819 nomine
1354 1781 1521 1823 dictum.

265 1848 444 1900 Ingemit
464 1855 504 1887 et
523 1846 701 1885 lacrimis
722 1845 929 1897 conpellat
949 1845 1101 1884 tristior
1121 1858 1266 1884 omnes
1285 1860 1291 1883 :

264 1916 271 1931 ‘
290 1913 406 1950 Haec
428 1924 494 1949 me
515 1923 614 1962 prae
634 1908 790 1947 cunctis
813 1908 893 1946 heu
915 1907 1078 1958 respicit
1104 1907 1210 1946 actio
1231 1922 1379 1946 rerum.

263 1976 384 2013 Nunc
404 1982 473 2013 aut
494 1972 725 2012 conmoriar
745 1971 810 2009 uel
832 1978 970 2009 carum
994 1970 1163 2009 ulciscar
1182 1970 1387 2009 amicum.'

263 2041 455 2090 Namque
474 2046 652 2088 angusta
674 2036 752 2075 loci
776 2036 909 2074 solum
932 2048 1175 2073 concurrere
1195 2035 1270 2074 soli

261 2102 482 2154 Cogebant
503 2114 580 2139 nec
601 2099 820 2151 quisquam
843 2098 908 2136 alii
929 2111 1167 2136 succurrere
1190 2098 1331 2149 quiuit.

261 2167 447 2206 Aduolat
467 2165 603 2204 infelix
620 2163 930 2203 Scaramundus
951 2162 1028 2200 iam
1053 2162 1273 2201 moriturus

262 2232 364 2270 Bina
383 2243 508 2269 manu
529 2230 613 2268 lato
635 2228 816 2279 crispans
839 2227 997 2266 hastilia
1018 2227 1136 2266 ferro.

262 2297 344 2347 Qui
366 2296 465 2335 dum
487 2293 764 2333 Waltharium
790 2293 901 2330 nullo
922 2300 1077 2331 terrore
1100 2291 1258 2330 uideret

263 2362 500 2400 Permotum
522 2360 738 2409 fixumque
758 2358 850 2396 loco
871 2356 1096 2395 consistere
1117 2356 1155 2394 in
1177 2356 1278 2407 ipso,

261 2426 329 2466 Sic
349 2425 403 2464 ait
423 2424 657 2463 infrendens
678 2431 718 2461 et
738 2421 929 2472 equinam
953 2421 1103 2460 uertice
1125 2421 1297 2459 caudam

261 2489 534 2530 Concutiens:
567 2487 629 2526 ‘in
651 2500 735 2538 quo
757 2485 879 2524 fidis?
911 2486 975 2524 uel
993 2499 1100 2536 quae
1121 2493 1190 2524 tua
1210 2499 1304 2536 spes
1327 2485 1415 2524 est?

262 2556 358 2594 Non
379 2567 461 2605 ego
482 2553 562 2592 iam
584 2565 731 2603 gazam
755 2551 820 2589 uel
842 2564 977 2589 rerum
1001 2549 1185 2600 quidque
1206 2557 1366 2588 tuarum

263 2620 445 2671 Appeto,
467 2617 540 2657 sed
564 2616 688 2655 uitam
712 2614 877 2666 cognati
899 2627 1055 2665 quaero
1077 2614 1304 2665 perempti*

263 2684 336 2722 Ille
356 2682 529 2721 dehinc:
562 2680 617 2720 ‘si
639 2679 870 2725 conuincar‚
893 2679 1006 2729 quod
1030 2678 1156 2729 prelia
1177 2677 1332 2728 primus

143 2790 207 2829 675
224 2766 844 2828 coepitP.—67⁷6Wcaua111P.—681
865 2763 1097 2822 complexus?
1111 2780 1163 2818 Ρ.,
1186 2779 1295 2812 laeua
1325 2780 1376 2814 P..
1396 2778 1529 2812 dextra
1553 2782 1587 2814 l‘.

103 2845 166 2876 682
184 2848 264 2876 turn
286 2840 436 2881 P.-683
461 2847 685 2880 compresso
716 2837 866 2876 P.-687
884 2835 997 2867 Kuno
1023 2834 1175 2875 P.--6S9
1204 2834 1410 2875 compellat
1445 2835 1586 2877 P.—691

104 2895 335 2933 commoriar
350 2895 502 2935 P.—700
517 2892 682 2935 quicque
700 2892 848 2932 P.-—702
867 2889 1011 2932 proelia
1031 2889 1069 2922 Ρ.
