1909 3279
341 251 388 284 28

367 419 443 455 860

366 741 440 788 865

362 1062 439 1107 870

360 1708 436 1742 880

364 2032 438 2077 885

367 2354 443 2398 890

719 243 832 278 WAL
846 242 1000 275 THER
1028 241 1103 275 OF
1120 239 1466 282 AQUJTAJNE.

499 354 537 391 O
560 351 712 390 utinam
735 351 868 390 solum
891 349 1062 400 glutires
1083 348 1172 387 dira
1192 348 1401 387 metallum

501 416 760 467 Diuitiasque
781 415 880 454 alias
901 414 1090 453 homines
1112 414 1267 465 inpune
1288 413 1511 452 remittens.

497 480 581 520 Sed
603 489 647 520 tu
669 494 776 518 nunc
797 479 986 518 homines
1007 491 1205 530 peruerso
1227 477 1394 516 numine
1415 476 1592 529 perflans

500 544 692 583 lncendis
713 544 896 595 nullique
917 557 1038 582 suum
1061 543 1140 581 iam
1163 542 1323 582 sufficit.
1381 555 1476 581 ecce

500 611 594 648 Non
615 609 823 660 trepidant
843 617 1017 647 mortem
1041 621 1118 659 pro
1139 608 1253 646 lucro
1274 607 1482 646 incurrere
1501 614 1680 657 turpem.

499 674 667 724 Quanto
688 673 780 725 plus
802 673 991 719 retinent,
1013 681 1129 712 tanto
1149 672 1237 711 sitis
1256 672 1375 711 ardet
1395 671 1588 710 habendi.

500 738 692 778 Externis
714 738 842 777 modo
864 737 903 776 ui
925 738 1053 776 modo
1067 737 1216 776 furtiue
1237 737 1451 788 potiuntur

498 801 550 840 Et
571 801 685 852 quod
707 801 800 852 plus
821 809 994 840 renouat
1014 800 1195 851 gemitus
1216 800 1490 851 lacrimasque
1511 799 1645 845 ciebit,

498 866 744 917 Caeligenas
764 865 922 904 animas
946 865 1069 904 Erebi
1091 865 1253 904 fornace
1274 865 1503 904 retrudunt.

499 931 606 969 Ecce
627 944 708 981 ego
728 930 923 969 dilectum
945 943 1110 981 nequeo
1131 943 1327 969 reuocare
1347 938 1556 981 nepotem,

498 993 779 1032 Instimulatus
799 993 907 1031 enim
930 993 983 1032 de
1004 1001 1044 1032 te
1064 1002 1126 1032 est
1146 1007 1171 1032 0
1192 1006 1317 1031 saeua
1343 992 1510 1044 cupido.

496 1058 558 1096 En
579 1071 726 1097 caecus
747 1066 922 1097 mortem
945 1066 1140 1109 properat
1158 1066 1327 1109 gustare
1343 1057 1562 1096 nefandam

497 1123 549 1161 Et
569 1122 638 1161 uili
659 1136 735 1174 pro
756 1123 877 1161 laude
898 1122 1012 1174 cupit
1032 1122 1288 1161 descendere
1307 1122 1360 1161 ad
1382 1122 1562 1161 umbras.

499 1187 593 1225 Heu
615 1187 714 1226 mihi
736 1200 828 1226 care
849 1201 980 1239 nepos
1002 1187 1119 1226 matri
1142 1187 1243 1238 quid
1265 1187 1425 1238 perdite
1447 1186 1653 1225 mandas?

496 1251 599 1302 Quis
621 1265 753 1303 nuper
773 1252 940 1291 ductam
963 1251 1166 1291 refouebit
1186 1265 1280 1291 care
1308 1251 1508 1298 maritam,

493 1316 570 1355 Cui
592 1330 666 1355 nec
687 1325 803 1367 rapta
823 1316 911 1368 spei
932 1316 1047 1367 pueri
1068 1316 1225 1355 ludicra
1245 1316 1395 1356 dedisti
1412 1316 1428 1355 ?

494 1381 597 1431 Quis
618 1380 690 1420 tibi
712 1395 805 1419 nam
828 1381 940 1420 furor
959 1381 1050 1421 est?
1081 1381 1192 1420 unde
1213 1381 1315 1420 haec
1335 1381 1545 1420 dementia
1566 1380 1678 1420 uenit
1696 1380 1737 1418 ’?

492 1445 559 1484 Sic
580 1445 634 1485 ait
655 1454 697 1485 et
715 1445 923 1497 gremium
945 1445 1123 1485 lacrimis
1144 1446 1375 1498 consparsit
1396 1446 1565 1493 obortis,

493 1511 544 1549 Et
566 1511 762 1561 ‘longum
784 1510 964 1549 formose
985 1511 1098 1549 uale’
1121 1511 1370 1562 singultibus
1391 1511 1488 1550 edit.

544 1575 800 1614 Waltharius
820 1574 913 1614 licet
932 1589 956 1613 a
975 1575 1100 1626 longe
1120 1575 1277 1614 socium
1300 1575 1386 1615 sore
1402 1584 1604 1615 maestum

492 1639 683 1679 Attendit
704 1640 944 1691 clamorque
965 1640 1087 1679 simul
1109 1640 1297 1692 peruenit
1317 1641 1371 1679 ad
1392 1654 1525 1680 aures.

494 1704 617 1743 Unde
639 1704 915 1743 incursantem
937 1704 995 1744 sic
1015 1713 1078 1744 est
1097 1704 1246 1744 affatus
1265 1714 1524 1757 equestrem:

493 1769 662 1820 ‘Accipe
683 1769 899 1808 consilium
923 1769 1082 1808 iuuenis
1103 1770 1323 1810 fortissime
1343 1779 1529 1810 nostrum

495 1834 546 1872 Et
567 1843 606 1873 te
627 1847 879 1873 conseruans
900 1835 1138 1874 melioribus
1159 1845 1274 1874 utere
1294 1836 1395 1875 fatis.

494 1898 661 1945 Desine,
684 1913 778 1937 nam
801 1908 869 1938 tua
892 1908 931 1938 te
952 1899 1115 1939 feruens
1136 1900 1287 1939 fiducia
1308 1900 1416 1940 fallit.

497 1963 682 2001 Heroum
705 1972 767 2003 tot
787 1977 909 2002 cerne
930 1978 1051 2003 neces
1073 1973 1113 2004 et
1132 1965 1235 2005 cede
1256 1965 1409 2013 duello,

497 2028 561 2066 Ne
581 2042 775 2079 suprema
795 2029 941 2068 uidens
963 2029 1104 2069 hostes
1125 2030 1245 2069 facias
1266 2030 1366 2069 mihi
1388 2030 1554 2083 plures.'

494 2098 501 2110 ⁴
519 2092 630 2141 Quid
651 2093 704 2131 de
725 2102 857 2132 morte
879 2107 971 2132 mea
991 2107 1108 2133 curas
1122 2094 1131 2111 ³
1153 2095 1208 2134 ait
1228 2095 1294 2134 ille
1315 2095 1543 2146 ‘tyranne?

496 2156 569 2195 Est
591 2157 719 2195 modo
740 2159 1013 2208 pugnandum
1035 2159 1206 2207 tibimet,
1229 2174 1311 2199 non
1332 2160 1723 2200 sermocinandum:

498 2220 613 2260 Dixit
634 2230 674 2260 et
694 2221 734 2260 in
756 2223 886 2261 uerbo
907 2223 1111 2262 nodosam
1134 2225 1312 2264 destinat
1334 2225 1507 2272 hastam,

496 2285 680 2335 Cuspide
701 2300 823 2337 quam
848 2287 1014 2338 propria
1034 2288 1244 2329 diuertens
1264 2291 1470 2330 transtulit
1490 2291 1626 2337 heros,

500 2349 618 2399 Quae
639 2351 838 2390 subuecta
858 2352 995 2391 choris
1016 2367 1063 2392 ac
1084 2353 1240 2393 uiribus
1260 2363 1351 2393 acta
1372 2354 1541 2394 furentis

501 2415 547 2452 In
569 2424 748 2454 castrum
771 2416 882 2455 uenit
901 2424 1025 2468 atque
1046 2418 1176 2469 pedes
1196 2419 1307 2458 stetit
1326 2428 1422 2459 ante
1441 2420 1617 2471 puellae.

501 2479 595 2529 Ipsa
616 2488 727 2518 metu
749 2481 937 2531 perculsa
956 2495 1104 2520 sonum
1127 2483 1330 2535 prompsit
1350 2484 1606 2524 muliebrem.

499 2544 556 2582 At
575 2552 796 2595 postquam
819 2545 951 2584 tenuis
972 2547 1077 2586 redit
1099 2547 1137 2585 in
1159 2548 1399 2598 praecordia
1420 2548 1560 2595 uirtus,

501 2609 671 2647 Paulum
694 2609 922 2660 suspiciens
943 2619 1113 2661 spectat,
1136 2626 1232 2651 num
1256 2613 1414 2653 uiueret
1434 2614 1570 2653 heros.

553 2673 660 2711 Tum
683 2687 853 2724 quoque
874 2674 935 2712 uir
955 2674 1067 2714 fortis
1090 2676 1122 2714 F
1126 2690 1292 2716 rancum
1310 2677 1524 2717 discedere
1546 2679 1654 2718 bello

500 2737 634 2776 Iussit.
691 2746 731 2776 at
751 2737 816 2776 ille
836 2738 973 2778 furens
992 2740 1177 2790 gladium
1200 2741 1371 2781 nudauit
1391 2750 1431 2781 et
1450 2742 1584 2794 ipsum

500 2801 715 2840 Incurrens
736 2802 851 2852 petiit
871 2803 1104 2855 uulnusque
1125 2818 1148 2842 a
1168 2805 1320 2844 uertice
1339 2806 1471 2846 librat.

382 2896 445 2934 874
462 2900 570 2936 rapte
589 2895 627 2927 P.
