1909 3279
791 580 838 613 11.

610 680 1006 715 WALTHARIUS.*

439 894 578 918 POESIS
605 894 791 918 GERALDI
819 895 872 918 DE
898 887 1174 927 GUALTARIO.†

218 1089 525 1128 OMNIPOTENS
546 1090 721 1141 genitor,
743 1104 931 1129 summae
952 1091 1112 1132 uirtutis
1133 1099 1304 1137 amator,

220 1153 313 1192 Iure
334 1154 419 1206 pari
441 1163 645 1206 natusque
665 1156 883 1194 amborum
906 1155 1072 1207 spiritus
1093 1157 1238 1203 almus,

220 1219 410 1258 Personis
431 1219 572 1266 trinus,
595 1233 691 1258 uera
711 1220 863 1259 deitate
883 1221 957 1259 sed
979 1227 1096 1266 unus,

219 1282 300 1333 Qui
322 1283 404 1323 uita
425 1284 570 1323 uiuens
592 1293 737 1324 cuncta
760 1293 800 1324 et
820 1285 907 1324 sine
928 1285 1010 1324 fine
1032 1285 1202 1331 tenebis,

139 1360 159 1396 5
221 1348 457 1387 Pontificem
481 1363 691 1388 summum
714 1357 755 1389 tu
778 1350 893 1389 salua
914 1364 1023 1389 nunc
1044 1359 1083 1389 et
1105 1350 1144 1388 in
1165 1363 1314 1388 aeuum

217 1411 340 1450 Claro
364 1412 718 1451 Erchamboldum
741 1413 968 1464 fulgentem
991 1413 1157 1452 nomine
1177 1413 1365 1464 dignum,

216 1475 385 1515 Crescat
406 1484 449 1515 ut
470 1477 637 1517 interius
658 1486 801 1517 sancto
821 1478 1044 1529 spiramine
1070 1479 1229 1529 plenus,

216 1541 358 1580 Multis
379 1541 561 1581 infictum
585 1556 669 1594 quo
690 1543 741 1582 sit
762 1543 1021 1582 medicamen
1042 1543 1081 1581 in
1101 1557 1264 1582 aeuum.

217 1606 380 1644 Praesul
402 1615 542 1646 sancte
563 1607 630 1646 dei
653 1621 760 1646 nunc
781 1607 922 1659 accipe
944 1621 1115 1646 munera
1136 1607 1257 1654 serui,

114 1682 160 1707 10
217 1670 335 1720 Quae
356 1671 428 1710 tibi
452 1671 636 1711 decreuit
657 1672 710 1711 de
731 1672 845 1723 larga
866 1686 1058 1724 promere
1080 1686 1177 1711 cura
1216 1669 1218 1672 ’

218 1735 413 1776 Peccator
433 1736 587 1788 fragilis
609 1737 815 1776 Geraldus
836 1737 1002 1776 nomine
1023 1737 1125 1783 uilis,

217 1799 299 1850 Qui
320 1800 392 1839 tibi
413 1815 508 1839 nam
531 1809 666 1840 certus
688 1801 814 1840 corde
836 1809 983 1852 estque
1004 1801 1136 1840 fidelis
1157 1801 1360 1840 alumnus.

216 1864 342 1914 Quod
365 1865 556 1916 precibus
577 1866 793 1904 dominum
815 1866 964 1917 iugiter
984 1879 1133 1917 precor
1154 1865 1492 1906 omnitonantem,

215 1929 271 1968 Ut
292 1930 538 1969 nanciscaris
559 1930 684 1976 factis,
707 1944 814 1982 quae
835 1944 985 1982 promo
1005 1931 1194 1982 loquelis,

112 2005 156 2041 15
216 1992 299 2032 Det
320 2001 435 2044 pater
455 2007 506 2032 ex
527 1993 700 2033 summis
722 1994 881 2032 caelum
903 2002 1141 2045 terramque
1162 1993 1413 2045 gubernans.

212 2056 341 2095 Serue
362 2057 430 2096 dei
451 2058 615 2104 summi,
638 2072 689 2096 ne
705 2059 875 2110 despice
896 2059 1024 2097 uerba
1045 2058 1182 2105 libelli,

213 2122 308 2160 Non
329 2122 436 2161 canit
456 2123 565 2161 alma
585 2123 666 2170 dei,
689 2131 854 2162 resonat
874 2123 948 2162 sed
971 2123 1073 2162 mira
1093 2123 1264 2174 tyronis,

213 2186 392 2225 Nomine
413 2187 644 2234 Waltharii,
666 2201 741 2239 per
762 2188 917 2239 proelia
938 2188 1067 2227 multa
1087 2188 1244 2227 resecti.

214 2251 466 2290 Ludendum
489 2251 621 2303 magis
643 2260 715 2298 est,
738 2252 952 2291 dominum
976 2266 1101 2304 quam
1123 2252 1175 2291 sit
1195 2252 1456 2303 rogitandum
1475 2267 1480 2292 2

108 2327 156 2353 20
183 2356 185 2359 ,
214 2315 419 2355 Perlectus
440 2316 565 2368 longe
587 2316 668 2355 uim
690 2316 853 2368 stringit
869 2317 908 2355 in
929 2317 1065 2368 ampla
1085 2317 1177 2356 diei.

213 2380 277 2419 Sis
298 2380 392 2419 felix
413 2390 578 2420 sanctus
599 2395 673 2433 per
693 2390 883 2433 tempora
904 2382 1021 2434 plura
1041 2382 1250 2428 sacerdos,

212 2444 273 2484 Sit
292 2445 364 2484 tibi
384 2453 523 2485 mente
543 2453 613 2485 tua
634 2446 839 2485 Geraldus
861 2460 978 2486 carus
998 2446 1214 2498 adelphus.

84 2635 125 2660 *A
141 2636 318 2670 thoroughly
331 2636 519 2670 satisfactory
533 2637 642 2663 edition
662 2637 695 2663 of
712 2638 760 2664 the
775 2637 988 2665 ‘waltharius'
1011 2638 1034 2663 is
1056 2644 1105 2671 yet
1119 2646 1135 2663 a
1156 2637 1363 2663 desideratum.
1402 2636 1464 2662 The
1486 2642 1545 2662 text

51 2680 136 2711 given
150 2680 218 2705 here
232 2681 254 2706 is
269 2681 332 2707 that
347 2681 642 2717 osScheffel-Holder
656 2682 820 2714 (1874),and
837 2682 885 2708 the
900 2682 967 2715 only
982 2683 1087 2715 liberty
1098 2682 1184 2707 taken
1195 2682 1264 2707 with
1281 2683 1302 2707 it
1317 2683 1339 2706 is
1355 2681 1402 2707 the
1418 2681 1544 2713 printing

53 2724 85 2749 os
107 2733 125 2749 u
147 2725 190 2750 for
210 2734 228 2750 ἐι
240 2725 297 2750 and
321 2725 369 2751 the
389 2726 585 2752 introduction
606 2726 639 2752 of
660 2727 751 2759 slight
765 2727 891 2759 changes
913 2727 940 2751 in
963 2727 1167 2759 punctuation.
1205 2726 1340 2751 variants
1369 2726 1402 2751 os
1419 2726 1546 2757 Peiper's

51 2768 185 2801 readings
199 2770 356 2802 compared
370 2770 441 2797 with
457 2771 541 2797 those
555 2771 588 2796 of
597 2771 861 2802 Scheffel-Holder,
875 2780 923 2797 are
938 2771 1025 2797 found
1038 2771 1128 2796 below
1145 2771 1192 2797 the
1207 2777 1268 2797 text
1283 2771 1349 2796 here
1364 2770 1525 2802 presented.

92 2823 232 2866 'flcipit
250 2824 378 2866 poesis
395 2825 545 2867 geraldi
564 2825 613 2859 de
631 2825 824 2868 gualtario
844 2826 883 2858 13.
