1909 3279
382 215 429 250 26

415 581 489 626 785

415 910 492 947 790

416 1234 491 1271 795

417 1550 494 1584 800

419 1873 493 1919 805

417 2196 494 2230 810

418 2515 496 2560 815

733 206 1037 250 :tVALTHER
1066 206 1139 239 OF
1157 203 1509 254 AQUITAJNE.
1540 254 1544 260 .

596 317 714 355 Tunc
734 302 757 354 a
779 314 1012 354 Gunthario
1030 313 1206 364 clipeum
1229 312 1306 351 sibi
1327 311 1507 363 postulat
1528 311 1663 362 ipsum

546 381 725 432 Quintus
746 380 796 418 ab
818 379 958 418 inflato
981 378 1259 416 Hadawartus
1281 384 1449 428 pectore
1470 376 1595 414 lusus.

545 445 627 496 Qui
650 458 830 496 pergens
852 444 1010 482 hastam
1033 442 1154 481 sociis
1175 441 1329 480 dimisit
1349 440 1585 479 habendam

545 510 698 549 Audax
720 509 760 547 in
781 509 914 547 solum
938 507 1116 546 confisus
1138 506 1311 545 inaniter
1333 519 1486 544 ensem.

548 576 601 614 Et
622 575 720 613 dum
745 573 1003 624 conspiceret
1024 572 1184 611 deiecta
1204 571 1408 609 cadauera
1429 578 1556 609 totam

546 638 809 679 Conclusisse
830 638 939 676 uiam
963 650 1038 675 nec
1059 649 1212 687 equum
1236 635 1408 674 transire
1429 635 1579 677 ualere,

548 703 763 743 Dissiliens
785 710 901 754 parat
922 702 978 740 ire
999 701 1140 753 pedes.
1198 700 1308 739 stetit
1328 713 1423 738 acer
1443 699 1482 737 in
1503 698 1625 737 armis

547 766 804 811 Waltharius
825 766 1050 816 laudatque
1071 764 1217 809 uirum,
1241 763 1310 814 qui
1333 762 1520 814 praebuit
1541 775 1717 812 aequam

549 831 766 883 Pugnandi
787 838 954 874 sortem.
1016 829 1242 867 Hadawart
1261 836 1348 867 tum
1371 827 1475 866 dixit
1495 827 1548 865 ad
1571 827 1684 864 illum
1703 841 1709 863 ;

547 900 554 914 ‘
574 897 611 936 O
635 903 799 934 uersute
820 894 926 933 dolis
948 902 988 933 et
1009 893 1161 932 fraudis
1183 892 1346 931 conscie
1367 892 1560 942 serpens!

547 961 767 1001 Occultare
787 968 898 998 artus
919 972 1145 1009 squamoso
1166 957 1350 1008 tegmine
1371 965 1512 996 suetus

548 1027 611 1065 Ac
632 1025 758 1064 ueluti
781 1025 949 1063 coluber
969 1024 1103 1075 girum
1127 1023 1321 1061 collectus
1343 1022 1382 1060 in
1404 1035 1544 1065 unum,

549 1091 651 1130 Tela
671 1098 731 1129 tot
752 1089 882 1128 euitas
904 1079 1015 1128 tenui
1036 1088 1123 1126 sine
1145 1087 1326 1125 uulneris
1348 1087 1429 1125 ictu
1481 1123 1486 1125 ,

547 1157 688 1207 Atque
710 1162 936 1194 uenenatas
956 1153 1062 1192 ludis
1084 1152 1171 1191 sine
1191 1165 1306 1190 more
1327 1150 1529 1202 sagittas?

550 1219 750 1271 Nunquid
772 1227 811 1258 et
833 1219 908 1258 iste
929 1226 1050 1269 putas
1071 1225 1161 1256 astu
1182 1216 1379 1255 uitabitur
1399 1216 1502 1255 ictus
1526 1238 1527 1241 =

550 1281 685 1336 Quem
708 1284 879 1339 propius
901 1283 1044 1322 stantis
1065 1290 1178 1321 certo
1199 1281 1427 1320 libramine*
1443 1281 1566 1321 mittit

549 1351 708 1388 Dextra
729 1347 907 1387 manus?
966 1361 1102 1398 neque
1125 1346 1232 1385 enim
1255 1346 1287 1385 is
1308 1346 1376 1384 teli
1396 1348 1469 1385 seu
1492 1345 1673 1384 uulneris
1695 1353 1848 1383 auctor,

550 1414 662 1453 Audi
684 1413 912 1459 consilium,
935 1426 1118 1464 parmam
1143 1411 1343 1462 deponito
1362 1411 1541 1461 pictam:

551 1480 672 1517 Hanc
694 1492 786 1516 mea
807 1491 896 1516 sors
917 1476 1088 1528 quaerit,
1112 1475 1221 1527 regis
1239 1487 1409 1527 quoque
1430 1475 1600 1526 sponsio
1622 1483 1813 1526 praestat,

551 1545 661 1583 Nolo
682 1543 852 1594 quidem
874 1542 1028 1588 laedas,
1051 1541 1180 1580 oculis
1202 1541 1298 1592 quia
1320 1541 1537 1592 conplacet
1557 1539 1654 1578 istis.

550 1609 622 1649 Sin
643 1608 754 1654 alias,
777 1608 869 1646 licet
890 1615 929 1646 et
948 1607 1082 1645 lucem
1106 1605 1206 1644 mihi
1228 1605 1460 1656 dempseris
1482 1605 1646 1650 almam,

551 1675 709 1713 Assunt
730 1672 795 1711 hic
817 1673 955 1724 plures
976 1671 1074 1711 socii
1096 1670 1313 1721 carnisque
1335 1669 1570 1721 propinqui,

553 1738 647 1789 Qui,
670 1737 862 1789 quamuis
878 1737 1095 1775 ‚uolucrem
1118 1735 1272 1774 similes
1294 1747 1536 1786 pennasque
1557 1747 1760 1785 capessas.

549 1804 610 1842 Te
631 1811 768 1842 tamen
791 1802 1002 1840 inmunem
1026 1814 1237 1852 nunquam
1260 1799 1469 1851 patiantur
1489 1798 1630 1838 abire.’

606 1867 785 1919 Belliger
806 1875 853 1916 a‘g
867 1874 1008 1905 contra
1030 1865 1083 1903 nil
1104 1865 1267 1904 territus
1289 1864 1423 1903 intulit
1443 1864 1540 1903 ista:

552 1937 559 1951 ‘
579 1933 644 1971 De
665 1931 833 1982 reliquis
853 1939 983 1977 taceo,
1006 1930 1183 1981 clipeum
1207 1929 1432 1968 defendere
1454 1942 1566 1968 curo.

554 1998 632 2036 Pro
653 1996 807 2035 meritis
829 1995 928 2033 mihi
950 1995 1073 2033 crede
1094 1994 1214 2033 bonis
1234 2008 1325 2033 sum
1348 1993 1512 2032 debitor
1533 1993 1599 2031 illi.

554 2061 757 2100 Hostibus
779 2061 868 2111 ipse
889 2060 991 2098 meis
1012 2073 1056 2098 se
1077 2072 1293 2110 opponere
1313 2072 1437 2109 saepe
1458 2058 1618 2097 solebat

555 2127 607 2164 Et
628 2139 704 2177 pro
725 2124 964 2163 uulneribus
985 2124 1166 2175 suscepit
1187 2124 1358 2162 uulnera
1380 2122 1540 2161 nostris.

554 2190 691 2241 Quam
713 2190 764 2229 sit
785 2194 1015 2240 oportunus
1037 2188 1163 2227 hodie
1184 2188 1283 2226 mihi
1308 2187 1452 2233 cernis,
1475 2195 1514 2226 et
1536 2187 1623 2238 ipse

552 2256 648 2293 Non
669 2268 762 2293 cum
784 2253 1019 2292 Walthario
1038 2253 1267 2304 loquereris
1288 2252 1437 2298 forsan,
1459 2252 1633 2290 abesset.

556 2319 724 2359 Uiribus
746 2332 771 2357 o
792 2318 964 2357 summis
986 2318 1147 2357 hostem
1171 2317 1379 2368 depellere
1401 2330 1549 2362 cures„-

555 2383 740 2420 Dextera
760 2395 810 2419 ne
832 2381 963 2432 rapiat
983 2380 1054 2420 tibi
1077 2380 1394 2431 propugnacula
1415 2379 1533 2417 muri.v

552 2447 617 2485 Tu
639 2446 800 2484 clauum
824 2445 1016 2484 umbonis
1037 2445 1204 2483 studeas
1226 2444 1400 2483 retinere
1420 2443 1594 2487 sinistra,

555 2510 696 2560 Atque
717 2509 831 2547 ebori
853 2508 1006 2559 digitos
1029 2507 1245 2546 circumfer
1264 2507 1423 2558 glutine
1444 2505 1577 2544 fixos’

557 2574 652 2613 Istic
673 2573 860 2624 deponas
881 2572 1060 2623 pondus,
1083 2572 1198 2623 quod
1219 2579 1332 2610 tanta
1353 2571 1512 2609 uiarum

555 2637 729 2677 Portasti
751 2637 881 2689 spatia
902 2651 953 2675 ex
976 2637 1162 2675 Auarum
1186 2650 1279 2674 nam
1302 2635 1470 2674 sedibus
1492 2635 1612 2674 altis?

555 2702 626 2739 Ille
647 2700 818 2739 dehinc:
851 2700 1026 2738 ‘inuitus
1047 2699 1147 2749 agis,
1169 2699 1201 2737 si
1224 2706 1372 2750 sponte
1394 2711 1569 2736 recusas.

555 2767 642 2804 Nec
663 2766 796 2803 solum
819 2778 1018 2815 parmam,
1041 2764 1114 2802 sed
1137 2777 1290 2814 equum
1313 2776 1405 2801 curn
1428 2762 1588 2813 uirgine
1611 2771 1650 2801 et
1671 2777 1771 2801 auro

399 2843 401 2845 η
424 2844 496 2900 {87
515 2843 609 2901 petit
623 2840 1505 2900 VP.——-7i{3o⁴l3i1gi1aindijsortem-Hjffliaxjvartums
1544 2855 1640 2889 dixit
1659 2841 1783 2889 Asine
1806 2857 1889 2889 P.—

394 2925 456 2956 795
476 2913 672 2955 Numquid
693 2913 848 2945 P.--800
865 2912 1082 2954 complacet
1102 2912 1156 2951 P„
1175 2911 1247 2945 ista
1269 2911 1419 2944 P.—808
1443 2911 1514 2944 iste
1535 2911 1573 2943 P.
